2842 4342
519 345 703 397 LIBEBIV.
753 345 832 397 ul„

286 502 338 582 El,
353 499 551 584 quandoque
565 501 721 584 potentior

326 601 424 684 Largi
438 601 627 665 muneribus
640 601 742 665 riserit
758 601 886 681 aemuli,

286 700 428 763 Albanos
442 699 692 782 propetelacus
1211 749 1215 758 .

312 799 428 863 ,Ponet
441 816 653 861 marmoream
667 797 730 862 sub
744 798 832 861 trabe
845 797 951 862 citrea„
1000 882 1004 889 Ι
1150 800 1193 863 20
1225 841 1231 855 ·

286 895 354 959 [llic
367 895 508 978 plurime
521 896 653 959 naribus

325 995 435 1058 Duces
449 995 553 1074 tlrure,
570 995 723 1078 lyraeque
737 1004 770 1059 et
783 995 992 1078 Berecyntiae

288 1094 492 1157 Delectabere
507 1095 603 1158 tibiae

328 1193 440 1255 Mixtis
454 1194 663 1273 carminibus,
679 1212 746 1257 non
760 1193 830 1257 sine
844 1190 972 1258 fistule:

286 1292 356 1355 Illic
370 1293 420 1356 bis
433 1293 525 1375 pueri
539 1291 591 1355 die
723 1283 725 1286 ’
1149 1294 1191 1358 25

325 1390 455 1455 Numen
470 1410 548 1455 eum
563 1391 679 1454 teneris
693 1391 871 1474 virginibus
887 1401 981 1455 tuum

285 1489 482 1570 Laudantes,
497 1490 578 1573 pede
592 1489 731 1554 candido
913 1573 915 1578 .

325 1588 364 1651 In
378 1607 501 1652 morem
515 1589 643 1654 Salium
658 1599 704 1652 ter
717 1589 864 1671 quatient
878 1590 1026 1654 humum.

285 1685 338 1750 Me
353 1705 412 1750 nee
425 1686 548 1750 femina
562 1706 623 1751 nee
638 1707 720 1770 puer

324 1784 407 1865 Jam,
422 1805 484 1848 nec
498 1805 571 1867 spes
585 1786 686 1849 enimi
699 1785 832 1850 credula
845 1786 961 1865 mutui,
1147 1785 1190 1850 30

283 1881 351 1945 Nee
365 1894 486 1947 certare
495 1886 590 1968 juvat
604 1903 700 1964 mero,

324 1981 392 2045 Nec
406 1983 528 2046 vincire
541 1984 635 2047 novis
649 1994 792 2067 tempora
806 1982 946 2047 floribus.

283 2079 425 2161 sedeur,
440 2081 516 2161 heu,
530 2081 693 2164 Ligurine,
708 2102 767 2146 eur

324 2180 437 2244 Manat
451 2200 523 2244 rere
536 2201 626 2245 meas
640 2181 774 2245 lacrima
787 2201 844 2265 per
857 2179 983 2264 genes?

284 2278 762 2362 Curiecunduparumdeeoro
1145 2278 1187 2344 35

325 2379 411 2443 lnter
424 2380 524 2443 verba
537 2379 625 2442 cedit
639 2380 752 2464 lingua
767 2379 916 2443 silentio?

283 2476 457 2542 Nocturnis
469 2498 530 2561 ego
543 2479 676 2542 somniis

323 2576 398 2640 Jam
411 2587 544 2660 ceptum
558 2588 659 2658 teneo,
669 2580 739 2663 jam
753 2576 917 2642 volucrem
930 2596 1046 2659 sequor

281 2673 332 2737 'I'e
346 2694 402 2758 per
414 2677 561 2759 gramina
576 2677 684 2740 Martii

323 2775 447 2859 Campi,
463 2788 689 2859 teperaquas,
704 2775 794 2856 dure,
809 2775 975 2839 volubiles.
1142 2772 1185 2837 40

478 2973 517 3024 18.
533 2971 629 3035 Largis.
728 2972 769 3023 20.
787 2972 884 3035 cyprin.

295 3050 389 3111 m.
405 3051 502 3116 lyreqne
512 3062 538 3103 et
549 3052 791 3115 Berecyntia-libia.
887 3053 928 3104 28.
944 3053 1062 3116 quatiunt.

461 3228 892 3523 Q
