2842 4342
271 327 343 401 248
653 341 905 393 murenarum

311 500 584 567 Iraiurorbrevis
598 509 666 581 est3
688 500 837 564 animum
851 518 942 582 rege3
965 499 1023 582 qui
1039 498 1099 563 nisi
1113 510 1214 584 peret,

311 602 469 685 Imperat:
490 600 581 665 hunc
595 598 702 679 bonu,
717 599 807 663 hunc
822 610 858 662 tu
873 618 1040 681 compesce
1053 609 1177 664 catena

312 700 424 782 Fingit
437 717 561 782 equum
575 708 684 762 tenera
697 698 836 763 docilem
849 699 974 763 cervice
988 699 1142 782 magister

312 801 362 864 Ire
376 800 474 879 viam
489 818 558 881 qua
571 809 727 862 monstret
740 818 840 881 eques
852 821 860 881 ;
883 799 1060 879 venaticus,
1074 819 1117 862 ex
1132 818 1199 882 quo
1245 800 1290 864 65

312 900 473 982 Tempore
487 899 654 962 cervinam
667 898 785 980 pellem
800 898 929 963 latravit
942 898 977 964 in
991 898 1077 979 aula,

313 1000 433 1064 Militat
445 1000 481 1063 in
494 998 585 1062 silvis
598 997 738 1063 catulus.
782 998 881 1062 Nune
895 998 1012 1062 adbibe
1026 1017 1105 1081 puro

283 1144 287 1151 ‹
312 1102 443 1164 Pectore
458 1100 563 1178 verba,
578 1117 666 1180 puer,
681 1106 818 1162 nuncto
832 1097 1018 1162 melioribus
1032 1097 1117 1161 offer.

312 1202 391 1271 Quo
405 1198 505 1263 semel
519 1206 569 1261 est
582 1197 708 1261 imbuta
722 1216 841 1277 recens,
857 1196 999 1261 servabit
1012 1195 1141 1260 odorem

312 1297 416 1361 Testa
430 1297 495 1361 diu.
539 1295 668 1367 Quodsi
682 1315 792 1359 cessas
807 1305 865 1359 aut
879 1306 1030 1360 strenuus
1044 1299 1157 1376 antels,
1243 1296 1289 1361 to

314 1397 347 1462 N
347 1417 384 1461 oc
399 1397 528 1462 tardum
541 1396 685 1480 opperior
698 1415 760 1459 nec
774 1395 1039 1478 praecedentibus
1052 1394 1145 1460 insto.

629 1939 845 2004 EPISTOLA
874 1938 938 2002 ΙΙΙ,

536 2137 796 2183 antonium
827 2137 1029 2184 FLORUM.

314 2317 382 2382 Juli
397 2316 500 2399 Flore,
514 2317 635 2400 quibus
651 2326 808 2381 terramm
821 2316 938 2381 militet
951 2318 1015 2382 oris

272 2415 432 2480 Claudius
446 2416 588 2500 Augusti
603 2416 780 2500 privignus,
797 2417 877 2480 scire
891 2416 1009 2481 laboro.

271 2519 447 2583 Thracane
462 2537 520 2581 vos
535 2518 729 2599 Hebrusque
743 2516 845 2581 nivali
859 2516 1013 2601 compede
1027 2517 1167 2598 vinctus,

271 2620 325 2683 An
339 2617 421 2682 freta
434 2617 560 2681 vicinas
574 2617 657 2681 inter
670 2617 831 2681 currentia
846 2629 955 2697 tunes,

272 2719 477 2802 Anpingues
493 2719 591 2783 Asiae
605 2720 713 2802 campi
727 2718 892 2802 collesque
905 2719 1096 2783 morantur?
1273 2722 1296 2785 6

272 2818 365 2890 Quid
380 2817 525 2884 studiosa
538 2819 652 2883 cohors
663 2839 798 2902 operum
812 2819 930 2883 stmiti
972 2819 1043 2883 Hoc
1057 2838 1189 2903 quoque
1203 2839 1296 2885 curo.

272 2918 360 2989 uuis
375 2919 436 2983 sibi
449 2938 500 2982 res
515 2928 622 3002 gestas
636 2919 779 3002 Augusti
794 2919 928 2983 scribere
943 2918 1066 2982 sumiti

273 3016 364 3081 Bella
377 3019 451 3100 qris
465 3028 497 3081 et
511 3037 607 3101 paces
621 3018 758 3101 longum
771 3017 924 3082 diffundit
939 3019 973 3081 in
987 3017 1131 3082 aevumi

272 3117 365 3188 Quid
381 3117 500 3199 Titius,
515 3118 665 3182 Romana
679 3119 769 3183 brevi
783 3128 940 3183 venturus
954 3118 990 3182 in
1005 3138 1069 3199 ora,

272 3216 434 3281 Pindarici
449 3216 546 3282 sontis
559 3216 618 3300 qui
632 3236 698 3283 non
713 3218 872 3302 expalluit
886 3218 1035 3299 haustus,
1255 3216 1298 3281 10

272 3316 433 3380 Fastidire
447 3316 540 3381 lacus
554 3328 586 3381 et
599 3316 684 3381 rivos
699 3337 801 3381 ausus
816 3318 966 3402 apertos?

272 3415 318 3480 Ut
331 3415 441 3479 valeti
462 3428 500 3481 nt
514 3417 661 3482 meminit
674 3418 799 3481 nostrii
821 3417 982 3482 fidibusne
996 3416 1123 3481 Latinis

272 3513 450 3578 Thebanos
464 3526 574 3599 aptare
588 3516 701 3581 modos
716 3516 824 3581 studet
838 3519 970 3600 auspice
985 3516 1092 3596 Musa,

275 3613 325 3677 An
340 3613 462 3696 tragica
475 3613 621 3680 desaevit
635 3627 667 3680 et
681 3616 881 3699 ampullatur
896 3618 930 3681 in
945 3615 1037 3680 erte?

271 3712 365 3784 Quid
391 3712 471 3778 mihi
497 3714 613 3779 Celsus
638 3717 730 3800 agit?
762 3718 905 3782 monitus
928 3716 1137 3799 multumque
1160 3732 1301 3780 monen-

397 3811 469 3891 dus,
1253 3814 1303 3880 lt
