2842 4342
263 391 336 465 268
641 403 898 454 mnemon

262 564 410 632 Mordeat
423 562 598 647 opprobriis
612 560 711 642 falsie
727 571 916 643 mutemque
929 558 1074 623 ooloresl

262 666 382 732 Falsus
396 665 499 727 honor
508 664 604 747 juvat
617 670 650 724 et
663 660 807 724 mendax
821 658 956 723 infamia
970 668 1064 722 terret

261 767 382 845 Quem,
397 763 460 826 nisi
474 760 669 825 mendosum
681 769 714 823 et
734 757 987 824 medicandum?
1030 757 1087 822 Vir
1106 759 1213 822 bonus
1234 768 1287 821 eet

388 862 487 945 quisi
1241 857 1287 921 40

262 964 334 1035 Qui
348 962 498 1026 consulta
512 957 722 1043 patrum‚·qui
736 958 824 1040 leges
834 958 973 1041 juraque
987 967 1111 1039 servat3

263 1064 343 1134 Quo
357 1060 480 1125 multae
495 1076 699 1142 magnaeque
714 1066 865 1120 secantur
873 1056 985 1139 judice
999 1056 1088 1137 lites;

221 1228 228 1237 ,
263 1163 343 1233 Quo
357 1180 407 1224 res
422 1177 572 1242 sponsore
585 1165 618 1220 et
631 1174 697 1238 qno
710 1174 831 1219 causae
846 1165 926 1219 teste
940 1165 1098 1219 tenentur.

263 1260 329 1326 Sed
343 1258 432 1322 videt
446 1258 535 1321 huno
549 1254 655 1318 omnis
669 1254 788 1318 domus
802 1264 835 1318 et
848 1255 969 1319 vicinia
984 1264 1051 1318 tota

263 1361 443 1424 Introrsum
460 1367 595 1441 turpem,
611 1354 796 1437 speciosum
809 1354 1030 1437 pelledeoora
1242 1351 1288 1416 45

264 1459 333 1524 Nee
347 1457 471 1521 furtum
485 1455 547 1519 feei
561 1473 621 1518 nec
635 1453 714 1537 iugi,
730 1455 759 1518 si
772 1454 854 1518 mihi
869 1453 956 1518 dieat

264 1559 386 1623 Servus
396 1554 558 1619 r-Habes
572 1553 719 1637 pretium,
734 1552 810 1617 loris
824 1572 891 1617 uon
905 1554 1013 1632 ureris,
1028 1552 1133 1614 aio.-

265 1656 340 1721 Non
354 1655 520 1719 hominem
533 1651 636 1716 occidi
648 1652 776 1734 ;—Non
790 1672 904 1735 pasees
919 1653 954 1716 in
968 1671 1062 1716 eruce
1075 1670 1242 1714 corvos.—

265 1756 349 1820 Sum
361 1755 468 1819 bonus
481 1761 514 1815 et
527 1751 613 1835 frugi
622 1752 782 1833 ;-reuuit
795 1752 983 1834 negitatque
997 1749 1166 1815 Sabellus:

267 1839 393 1917 Cautus
407 1853 495 1916 enirn
509 1851 624 1915 metuit
637 1849 766 1914 foveam
779 1850 887 1933 lupus,
902 1846 1116 1933 accipiterque
1242 1849 1288 1911 50

266 1954 441 2036 suspectos
455 1951 597 2034 laqueos,
612 1960 645 2013 et
657 1959 806 2032 opertum
822 1950 945 2013 miluus
960 1949 1104 2013 hamum.

266 2051 415 2116 Oderunt
429 2070 561 2134 peecare
575 2050 652 2114 boni
665 2050 794 2114 virtutis
808 2068 935 2131 amore3

267 2150 325 2214 Tu
339 2150 422 2213 nihil
436 2150 587 2213 admittes
602 2150 637 2213 in
650 2158 682 2213 te
696 2148 866 2213 formidine
880 2168 1020 2231 poenae:

261 2250 317 2315 =Sit
331 2268 404 2332 spes
419 2247 561 2328 fallendi,
577 2250 728 2314 miscebis
742 2269 836 2313 sacra
849 2248 999 2332 profanis.

267 2348 355 2414 Nam
369 2347 410 2412 de
424 2348 512 2411 mille
526 2348 621 2413 sabee
635 2347 753 2415 modiis
767 2368 844 2412 cum
859 2349 991 2430 surripis
1006 2366 1119 2428 unum,
1243 2348 1287 2411 65

267 2449 438 2512 Damnum
452 2458 509 2529 est,
524 2467 589 2512 non
605 2447 742 2529 facinus,
757 2448 839 2512 mihi
853 2457 947 2531 paeto
962 2447 1067 2510 lenius
1082 2448 1152 2509 isto.

268 2548 324 2612 Vir
337 2549 451 2627 bonus,
466 2567 563 2612 omne
578 2546 685 2611 forum
698 2566 799 2629 quem
813 2557 936 2630 spectat
949 2556 982 2610 et
995 2565 1091 2610 omne
1106 2544 1257 2627 tribunal,

267 2647 543 2729 Quandoeunque
558 2646 635 2710 deos
649 2646 703 2710 vel
717 2666 812 2729 poteo
826 2646 879 2711 vel
893 2648 976 2710 bove
990 2645 1106 2730 placat,

267 2747 350 2811 Jane
365 2756 463 2829 pater,
481 2746 574 2824 clare,
590 2746 675 2810 clere
690 2765 767 2808 eum
782 2745 873 2825 dixit,
888 2745 1012 2828 Apollo,

267 2846 331 2910 Lal
340 2866 376 2908 ra
389 2855 498 2909 movet
512 2854 660 2908 metuens
674 2844 798 2908 audiri:
820 2844 962 2908 Pulchra
976 2844 1134 2922 Lauerna,
1244 2843 1289 2906 60

269 2945 323 3008 Da
337 2944 420 3007 mihi
434 2942 552 3022 fallere,
568 2942 611 3006 da
619 2944 709 3027 justo
724 2953 900 3025 sanctoque
914 2942 1024 3021 videri,

269 3042 406 3108 Noctem
420 3042 561 3126 peccatis
574 3053 607 3106 et
621 3042 790 3106 fraudibus
805 3043 905 3127 objice
920 3044 1050 3106 nubem.

269 3142 340 3212 Qui
354 3141 466 3206 melior
479 3160 580 3221 servo,
595 3142 653 3223 qui
668 3141 794 3206 liberior
808 3143 849 3207 sit
863 3161 991 3220 avarus,

269 3242 309 3305 In
325 3242 426 3305 triviis
441 3240 547 3305 fixum
561 3259 639 3305 eum
654 3260 689 3304 se
703 3241 843 3305 demittit
855 3242 897 3304 ob
910 3260 1026 3320 assem,

270 3339 345 3403 Non
359 3339 474 3403 video:
497 3360 584 3420 nam,
600 3340 656 3422 qui
671 3341 788 3423 cupiet,
805 3350 926 3403 metuet
940 3358 1088 3421 quoque3
1112 3356 1204 3420 porro
1246 3336 1288 3400 65

270 3438 340 3507 Qui
356 3449 504 3503 metuens
519 3441 614 3519 vivet,
631 3438 710 3503 liber
724 3439 805 3502 mihi
820 3459 886 3504 non
901 3440 959 3502 erit
975 3457 1132 3521 unquam.

271 3535 412 3599 Perdidit
426 3558 525 3618 arma,
541 3540 650 3603 loeum
664 3540 792 3603 virtutis
807 3538 955 3615 deseruit,
971 3538 1028 3619 qui

270 3634 404 3718 Semper
418 3636 453 3700 in
466 3637 617 3720 augenda
631 3637 762 3702 festinat
776 3649 809 3700 et
823 3637 968 3701 obruitur
982 3656 1024 3698 re.

555 3863 596 3912 ⁴⁰.
613 3874 638 3913 et
649 3865 807 3923 mendaeem
823 3874 848 3914 et
859 3864 1004 3914 mendicum.
