2842 4342
231 396 303 466 256
614 408 868 459 mummuli

230 570 275 634 Et
288 568 383 649 ludis,
398 578 430 632 et
443 577 515 651 post
528 567 638 630 decisa
651 566 782 650 negotia
796 566 971 648 Campo.-

228 669 344 735 Sciteri
359 668 435 732 libet
449 687 492 730 ex
507 668 576 750 ipso
590 664 809 749 quodcunque
823 663 939 728 refers:
961 663 1014 728 dic
1205 666 1252 732 ⁶⁰

228 768 281 833 Ad
295 787 431 832 coenem
445 765 682 831 veniet-Non
697 784 776 828 sene
790 763 919 828 credere
934 764 1042 843 Mena,

229 867 340 933 Mirari
355 885 468 930 secum
482 865 609 929 tacitus.
654 862 749 934 Quid
762 862 891 927 multel
935 862 1089 944 Benigne,

230 964 575 1050 Respondet-Negat
589 963 643 1027 ille
657 963 740 1026 mihi
748 962 913 1044 l—Negat
926 962 1099 1045 improbus,
1115 971 1149 1025 et
1162 971 1193 1025 te

230 1065 373 1150 Negligit
387 1074 445 1128 eut
458 1061 784 1128 horret—Vulteium
798 1080 895 1124 mane
909 1060 1080 1144 Philippus
1102 1112 1112 1123 .

230 1165 315 1230 Vilia
329 1162 524 1227 vendentem
539 1161 683 1225 tunicato
698 1169 806 1223 scruta
820 1158 946 1242 popello
1205 1159 1252 1224 65

194 1296 201 1309 x
230 1264 387 1345 Occupet,
403 1271 435 1325 et
449 1261 573 1325 salvem
583 1261 675 1345 jubet
690 1259 783 1342 prior.
827 1258 886 1321 llle
900 1257 1050 1341 Philippo

229 1363 399 1427 Excusare
414 1360 556 1424 laborem
570 1369 603 1422 et
617 1357 815 1422 mercenarie
829 1357 947 1438 vincla,

230 1461 332 1533 Quod
345 1481 412 1525 non
426 1479 523 1524 mene
538 1459 673 1523 domum
688 1460 838 1537 venisset,
853 1456 993 1540 denique
1007 1457 1095 1540 quod
1109 1476 1175 1522 nou

230 1560 426 1626 Providisset
438 1558 624 1625 eum—Sic
639 1558 802 1640 ignovisse
815 1550 928 1640 putato

232 1661 287 1725 Me
302 1660 368 1741 tibi,
383 1661 412 1724 si
425 1677 543 1722 coenes
557 1657 653 1720 hodie
668 1657 897 1722 mecum—Ut
911 1657 1130 1742 libet-Ergo
1207 1659 1253 1723 70

230 1761 308 1824 Post
321 1778 443 1824 nonem
457 1759 585 1822 venies:
608 1776 698 1821 nunc
713 1758 733 1837 i,
749 1777 817 1821 rem
832 1768 983 1821 strenuus
997 1776 1091 1840 auge

231 1862 277 1926 Ut
291 1870 428 1925 ventum
441 1857 485 1923 ed
499 1876 636 1921 coenam
650 1867 707 1937 est,
723 1855 862 1920 dicende
875 1856 1014 1921 tacende
1028 1857 1166 1939 locutum,

231 1959 386 2025 Tandem
400 1958 577 2022 dormitum
591 1956 771 2021 dimittitur.
814 1957 886 2037 Hic,
902 1957 958 2022 ubi
973 1977 1068 2040 saepe

232 2057 409 2123 Occultum
423 2058 515 2121 visus
530 2055 695 2120 decurrere
710 2057 808 2140 piscis
822 2056 864 2120 ed
880 2057 1026 2137 hemum,
1152 2120 1156 2129 ,

231 2156 330 2220 Mane
344 2155 446 2219 cliens
460 2157 573 2239 etjam
586 2165 693 2219 certus
708 2155 857 2236 conviva,
868 2157 1000 2240 jubetur
1208 2157 1252 2223 ⁷⁵

231 2256 321 2320 Rure
335 2255 523 2318 suburbana
536 2253 666 2318 indictis
680 2273 788 2319 comes
802 2255 848 2318 ire
861 2254 998 2319 Latinis

230 2353 406 2436 Impositus
420 2354 559 2434 mannis,
574 2372 691 2418 ervum
705 2353 898 2436 coelumque
912 2353 1071 2419 Sabinum

230 2451 306 2517 Non
320 2461 425 2515 cesset
439 2451 581 2516 laudere.
626 2451 722 2518 Videt
736 2452 882 2536 ridetque
897 2453 1076 2538 Philippus,

206 2566 220 2590 ·
231 2551 276 2615 Et
290 2551 351 2616 sibi
365 2550 446 2615 dum
461 2552 614 2634 requiem,
630 2551 711 2615 dum
726 2552 811 2616 risus
826 2551 972 2635 undique
987 2553 1121 2636 quaerit,

230 2650 322 2714 Dum
337 2660 459 2734 septem
472 2651 574 2716 donet
587 2651 740 2732 sestertia,
757 2662 874 2716 mutue
888 2662 1011 2735 septem
1208 2652 1251 2718 80

230 2750 398 2831 Promittit,
413 2748 593 2834 persuadet,
608 2751 656 2816 uti
670 2761 830 2815 mercetur
843 2751 996 2835 agellum.

230 2848 402 2913 Mereatur.
446 2850 496 2915 Ne
512 2859 543 2914 te
558 2850 664 2933 longis
678 2852 873 2935 ambagibus
887 2851 980 2932 ultra,

229 2949 345 3020 Quem
359 2950 437 3013 setis
451 2960 509 3031 est,
525 2970 646 3015 morer:
668 2971 711 3016 ex
726 2950 828 3016 nitido
843 2951 881 3015 fit
894 2952 1042 3031 rusticus,
1058 2960 1158 3035 atque

230 3046 347 3112 Sulcos
361 3058 394 3112 et
408 3048 518 3112 vineta
532 3061 641 3133 crepat
655 3070 754 3131 mere,
769 3062 938 3135 praeparet
951 3051 1066 3134 ulmos,

229 3146 416 3211 Immeritur
430 3146 547 3212 studiis
560 3160 593 3213 et
607 3169 715 3214 amore
730 3152 868 3215 senescit
881 3150 1032 3215 habendi
1208 3151 1250 3219 86

228 3244 351 3310 Verum
366 3247 423 3312 ubi
437 3267 515 3312 oves
530 3248 622 3330 furto,
638 3251 749 3314 morbo
763 3251 881 3333 periere
895 3250 1047 3334 capellae,

228 3343 329 3427 Spem
342 3349 476 3411 mentita
493 3369 600 3432 seges,
608 3350 667 3414 bos
680 3360 731 3414 est
744 3361 877 3415 enectus
892 3351 1032 3415 arando:

228 3442 383 3509 Offensus
398 3445 535 3530 damnis,
551 3449 659 3514 medie
674 3448 715 3513 de
731 3461 824 3514 nocte
838 3451 1005 3515 caballum

166 3560 174 3575 ⁸
227 3542 354 3626 Arripit,
370 3545 536 3628 iratusque
551 3549 691 3633 Philippi
706 3549 808 3614 tendit
822 3550 865 3614 ed
880 3549 986 3615 aedes

226 3642 339 3713 Quem
348 3643 446 3708 simul
454 3645 603 3729 adspexit
612 3649 763 3713 scabrum
773 3650 1002 3733 intonsumque
1011 3648 1191 3732 Philippus,
1205 3647 1249 3712 90

595 3873 634 3924 6³.
653 3874 745 3939 Neget,
757 3877 873 3929 &etune
