2842 4342
516 336 659 407 104

1312 355 1712 408 mmmmm

727 509 1013 574 Vincunt
1040 526 1322 591 aequora
1349 508 1627 588 navitae,

809 608 1131 690 Magnum
1157 608 1494 691 pauperies
1522 607 1929 691 opprobrium
1945 607 2131 692 jubet

724 706 1014 780 Quidvis
1042 717 1107 771 et
1134 706 1343 770 facere
1371 717 1437 770 et
1462 707 1598 788 pati

811 806 1208 889 virtutisque
1236 807 1415 870 viam
1445 804 1676 870 deserit
1703 805 1946 870 arduae
1961 807 1994 870 Ἰ

726 905 847 970 Vel
874 924 995 969 nos
1024 906 1094 969 in
1124 905 1534 988 Capitolium,

809 1005 967 1076 Quo
996 1005 1238 1068 clamor
1266 1014 1456 1067 vocat
1481 1012 1547 1066 et
1574 1004 1763 1068 turba
1789 1003 2168 1083 faventium,

729 1103 847 1168 Vel
872 1122 992 1167 nos
1021 1105 1091 1167 in
1120 1123 1297 1167 mare
1325 1104 1698 1186 proximum

812 1204 1121 1265 Gemmas
1149 1213 1213 1265 et
1242 1201 1505 1285 lapides,
1536 1221 1773 1266 aurum
1798 1212 1863 1265 et
1890 1200 2131 1282 inutile,

740 1301 985 1366 Summi
1014 1300 1350 1364 materiem
1379 1301 1554 1381 mali,

814 1400 1171 1480 Mittamus‚
1203 1398 1518 1463 scelerum
1547 1400 1603 1465 si
1632 1400 1796 1463 bene
1824 1399 2120 1482 poenitet.

756 1498 1080 1563 {radenda
1107 1498 1433 1582 cupidinis

813 1598 1009 1662 Pravi
1039 1608 1193 1662 sunt
1220 1598 1558 1677 elementa,
1587 1605 1653 1660 et
1686 1606 1940 1661 tenerae
1968 1596 2162 1660 nimis

731 1698 983 1760 Mentes
1013 1696 1436 1780 asperioribus

815 1796 1225 1860 Formandae
1254 1795 1503 1860 studiis.
1590 1794 1812 1860 Nescit
1837 1813 2005 1879 equo
2031 1793 2212 1866 rudis

731 1894 1010 1958 Haerere
1039 1896 1364 1979 ingenuus
1390 1913 1568 1978 puer,

822 1993 1182 2077 venarique
1211 1994 1407 2074 timet,
1441 1992 1662 2058 ludere
1689 1991 1949 2073 doctior,

733 2091 869 2156 Seu
899 2093 1145 2155 Graeco
1161 2093 1394 2176 jubeas
1424 2092 1662 2172 trocho,

817 2190 952 2254 Seu
980 2189 1171 2253 malis
1199 2191 1399 2253 vetita
1428 2190 1680 2274 legibus
1710 2190 1870 2271 alea,

732 2288 906 2352 Cum
933 2289 1189 2372 perjura
1215 2290 1414 2371 patris
1445 2289 1610 2353 fides
1841 2336 1855 2349 .

816 2387 1192 2451 Consortem
1221 2389 1472 2452 socium
1499 2389 1685 2454 fallat
1711 2399 1777 2454 et
1802 2388 2139 2472 hospitem,

735 2485 1138 2569 Indignoque
1166 2488 1514 2570 pecuniam

814 2585 1053 2650 Heredi
1079 2597 1384 2670 properet,
1472 2587 1732 2652 Scilicet
1759 2588 2085 2670 improbae

736 2685 1053 2750 Crescunt
1078 2686 1378 2752 divitiae:
1425 2696 1645 2752 tamen

818 2786 1057 2851 Curtae
1085 2789 1304 2853 nescio
1330 2787 1493 2873 quid
1523 2807 1774 2871 semper
1800 2787 1982 2851 abest
2008 2785 2115 2849 rei.

942 3001 1028 3054 4⁹.
1060 3006 1334 3056 materiam.
1783 3001 1862 3053 60.
1897 3000 2124 3065 hospite.
