2842 4342
637 353 852 407 samam

630 639 791 703 smus
819 639 885 700 III.

288 866 450 932 Omnibus
465 866 526 928 hoc
542 864 659 928 vitium
673 873 723 926 est
736 863 930 942 cantoribus,
946 863 1027 925 inter
1040 860 1163 925 amicos

249 967 291 1032 Ut
305 984 477 1048 uunquam
492 962 650 1027 inducant
664 963 814 1026 animum
827 972 958 1025 cantare
973 960 1084 1044 rogati,

246 1066 366 1150 injussi
381 1083 553 1146 nunquam
567 1062 733 1125 desistant
776 1061 901 1126 Sardus
915 1061 1057 1124 habebat

246 1165 307 1229 Ille
322 1164 484 1247 Tigellius
499 1164 570 1226 hoc.
615 1161 744 1240 Caesar,
760 1161 818 1243 qui
833 1180 945 1243 cogere
959 1169 1075 1244 posset,

246 1264 283 1328 Si
298 1272 417 1346 peteret
430 1282 488 1345 per
503 1260 681 1324 amicitiam
695 1261 796 1343 patris
811 1270 908 1343 atque
923 1279 1028 1339 suam,
1043 1277 1110 1323 non
1246 1258 1267 1322 ὅ

247 1361 442 1443 Quidquam
455 1359 642 1443 proficeret:
665 1359 694 1422 si
707 1359 913 1439 collibuisset,
929 1359 971 1422 ab
985 1376 1046 1422 ovo

248 1461 360 1543 Usque
375 1458 418 1523 ad
432 1459 522 1524 mala
535 1458 667 1523 citaret:
688 1459 726 1523 Io
741 1459 891 1522 Bacche!
913 1457 1009 1523 modo
1023 1475 1153 1520 summa

248 1560 342 1640 Voce,
358 1558 454 1622 modo
468 1558 541 1639 hac,
556 1567 684 1622 resonat
697 1577 783 1640 quae
797 1557 925 1622 chordis
939 1567 1077 1640 quatuor
1090 1556 1165 1621 ima.

249 1659 303 1723 Nil
318 1658 454 1741 aequale
468 1657 594 1722 homini
608 1657 670 1722 fuit
683 1657 752 1740 illi3
775 1677 872 1741 saepe
886 1657 976 1720 velut
989 1657 1046 1739 qui

248 1758 406 1821 Currebat
421 1756 549 1841 fugiens
563 1757 698 1837 hostem,
714 1776 865 1840 persaepe
880 1756 971 1819 velut
984 1756 1042 1838 qui
1218 1753 1269 1818 ,lo

248 1856 387 1921 Junonis
403 1876 495 1919 sacra
510 1854 622 1920 ferret:
645 1856 788 1919 habebat
802 1875 898 1939 saepe
913 1854 1078 1934 ducentos,

248 1957 352 2040 Saepe
367 1955 480 2019 decem
494 1975 623 2020 servos:
645 1955 742 2019 modo
756 1975 847 2039 reges
861 1966 959 2036 atque
974 1953 1158 2033 tetrarchas,

250 2054 372 2119 Omnia
385 2075 516 2139 magna,
528 2055 682 2139 loquens:
705 2054 821 2118 modo:
843 2054 893 2119 Sit
907 2054 988 2118 mihi
1002 2073 1117 2117 mensa
1130 2053 1228 2137 tripes
1237 2060 1271 2116 et

250 2155 386 2219 Concha
401 2155 478 2219 salis
492 2155 564 2238 puri
579 2166 611 2219 et
625 2166 709 2238 toga,
725 2174 811 2237 quae
824 2153 995 2218 defendere
1009 2153 1120 2237 frigus,

250 2253 416 2324 Quamvis
429 2273 547 2335 crasse,
563 2264 671 2337 queat
715 2255 833 2318 Decies
847 2264 985 2317 centena
998 2252 1143 2317 dedisses
1229 2252 1271 2317 16

250 2352 338 2417 Huic
352 2372 448 2435 parco
462 2354 577 2435 paucis
593 2364 753 2434 contento,
768 2353 913 2437 quinque
928 2353 1043 2417 diebus

252 2451 307 2517 Nil
322 2461 389 2516 erat
403 2452 438 2515 in
452 2452 575 2517 loculis
620 2454 739 2517 Noctes
754 2453 911 2537 vigilabat
925 2451 968 2516 ad
983 2453 1092 2536 ipsum

251 2552 369 2634 Mane;
392 2550 480 2615 diem
494 2561 599 2616 toturn
614 2553 774 2617 stertebat
818 2551 874 2616 Nil
888 2551 951 2616 fuit
965 2570 1111 2634 unquam

251 2651 307 2715 Sic
322 2650 425 2733 impar
440 2650 510 2715 sibi.
555 2651 653 2716 Nunc
667 2651 786 2734 aliquis
802 2649 890 2714 dicat
905 2651 1007 2714 mihi:
1029 2649 1122 2720 Quid
1137 2649 1197 2713 tul

252 2748 395 2812 Nullane
409 2748 511 2812 habes
525 2750 605 2813 vitia
613 2750 777 2814 l-lmmo
792 2750 867 2830 alia,
879 2759 911 2812 et
925 2749 1057 2813 fortasse
1072 2749 1206 2812 minora
1228 2748 1274 2813 20

252 2847 403 2911 Maenius
418 2848 586 2912 absentem
600 2848 745 2913 Novium
758 2868 836 2912 cum
849 2857 1011 2932 carperet:
1034 2848 1125 2912 Heus
1140 2858 1185 2927 tu,

251 2945 401 3016 Quidam
416 2946 469 3027 ait,
486 2947 615 3030 ignoras
630 2947 687 3011 tel
709 2967 762 3028 an,
778 2958 816 3011 ut
830 2948 987 3031 ignotum,
1003 2946 1080 3011 darc
1093 2946 1187 3011 nobis

253 3044 359 3107 Verba
373 3046 493 3127 putasl
536 3046 677 3130 Egomet
690 3056 737 3111 mt
751 3046 891 3129 ignosco,
907 3047 1059 3111 Maenius
1073 3047 1187 3130 inquit.

253 3141 381 3205 Stultus
396 3154 428 3206 et
442 3143 606 3227 improbus
620 3145 675 3208 hic
689 3165 780 3209 amor
793 3155 851 3225 est,
867 3145 1050 3229 dignusque
1064 3146 1176 3209 notari.

255 3241 341 3305 Cum
356 3251 414 3305 tua
427 3243 596 3326 pervideas
611 3244 714 3308 oculis
728 3245 817 3309 mala
831 3245 938 3328 lippus
952 3246 1102 3325 inunctis,
1231 3243 1277 3307 25

255 3339 323 3403 Cur
337 3341 372 3403 in
387 3342 567 3407 amicorum
580 3344 667 3408 vitiis
682 3354 751 3409 tam
765 3345 871 3408 cernis
887 3355 1031 3425 acutum,

254 3439 370 3508 Quam
384 3452 442 3504 aut
455 3443 566 3524 aquila
581 3453 639 3507 ant
649 3463 780 3527 serpens
791 3444 1013 3527 Epidauriusl
1043 3444 1087 3508 At
1097 3442 1155 3507 tibi
1164 3452 1277 3506 cenna

255 3536 384 3618 Evenit,
399 3539 564 3622 inquirant
577 3531 708 3607 vitia'ut
723 3553 780 3607 tua
794 3563 905 3607 rursus
920 3554 952 3607 et
965 3544 1021 3607 illi.

254 3634 443 3700 iracundior
456 3649 505 3701 est
518 3640 624 3723 paulo,
641 3644 751 3706 minus
766 3652 862 3726 aptus
876 3642 982 3706 acutis

322 3833 348 3883 8.
359 3836 394 3885 iii
406 3834 448 3885 20.
465 3835 529 3887 haud
539 3836 639 3889 forum
650 3842 752 3892 minora.
818 3842 859 3893 25.
876 3841 1034 3905 praesidem
1051 3840 1115 3892 mals
1124 3839 1211 3903 upon
