2842 4342
514 1016 551 1096 Q
579 1013 762 1092 HORA'lII
795 1012 948 1091 sulcu

359 1273 1103 1376 EPISTOLARUM

522 1555 661 1623 LIBER
691 1556 931 1624 SECUNDUS

598 1996 813 2060 UPIS'I'OLA
842 1996 867 2058 1.

547 2214 606 2257 AD
634 2210 921 2256 AUGUSTUU·

306 2407 386 2471 Osa
401 2415 447 2470 tot
461 2406 624 2471 sustineas
637 2416 670 2473 et
684 2414 776 2471 tanta
788 2405 920 2489 negotia
933 2404 1029 2487 solus,

265 2505 332 2572 Res
346 2507 446 2571 Italas
461 2507 560 2571 armis
576 2508 696 2587 tuteris,
711 2506 856 2570 moribus
869 2524 971 2586 ornes,

264 2606 407 2691 legibus
421 2607 582 2688 emendes,
597 2607 632 2670 in
646 2606 779 2689 publica
793 2605 964 2670 commoda
978 2623 1119 2688 peccem,

263 2706 300 2771 si
315 2706 411 2790 longo
425 2725 571 2771 sermone
586 2725 690 2771 morer
703 2715 762 2769 tua
776 2716 928 2789 tempora,
941 2705 1071 2769 Caesar.

262 2805 425 2871 Remulus
439 2816 472 2870 et
486 2806 583 2870 Liber
596 2817 686 2889 pater
700 2816 825 2870 etcum
839 2806 971 2869 Castore
985 2805 1114 2884 Pollux,
1217 2806 1237 2868 ὅ

262 2896 341 2969 Post
355 2906 499 2989 ingentia
513 2905 601 2970 facta
614 2906 752 2970 deorum
766 2906 801 2970 in
815 2904 936 2988 templa
950 2905 1077 2988 recepti,

263 3005 354 3070 Dum
368 3015 465 3069 terras
482 3005 720 3089 hominumque
733 3005 846 3070 colunt
860 3024 974 3089 genus,
990 3025 1103 3088 aspera
1118 3003 1205 3070 bella

263 3106 479 3189 Componunt,
495 3124 589 3188 agros
603 3105 780 3190 assignant,
795 3105 915 3189 oppida
928 3106 1080 3186 condunt,

262 3205 431 3269 Ploravere
446 3206 514 3270 suis
528 3225 595 3270 non
608 3206 800 3290 respondere
813 3206 958 3271 favorem

261 3304 434 3387 Speratum
447 3306 578 3371 meritis.
622 3306 737 3370 Diram
751 3307 809 3389 qui
823 3304 972 3371 contudit
985 3302 1136 3389 Hydram
1200 3304 1238 3367 10

263 3402 412 3486 Notaque
426 3404 518 3470 fatali
533 3415 679 3490 portenta
693 3405 802 3469 labore
817 3405 953 3488 subegit,

262 3502 426 3587 Comperit
439 3505 600 3571 invidiam
614 3525 764 3590 supremo
778 3504 844 3570 fine
859 3504 993 3569 domari.

261 3602 334 3666 Urit
347 3604 436 3668 enim
451 3604 576 3688 fulgore
590 3624 659 3688 suo,
674 3606 733 3688 qui
747 3614 939 3689 praegravat
952 3613 1037 3667 artes

261 3701 350 3767 Infra
364 3722 398 3766 se
412 3705 553 3787 positas3
576 3707 757 3770 exstinctus
772 3705 935 3770 amabitur
948 3702 1045 3768 idem.

261 3800 426 3867 Praesenti
442 3803 500 3868 tibi
514 3813 658 3869 manuos
672 3804 830 3889 largimur
844 3805 990 3883 honores,
1199 3798 1238 3863 15
