2842 4342
523 353 633 406 usus
656 355 697 405 11.
746 354 774 406 e.
800 356 835 406 v,
1109 332 1180 411 227

562 684 723 748 sauma
750 686 787 748 V.

248 926 321 991 Hoc
334 944 474 1009 quoque,
490 924 627 1005 Tiresia,
641 935 766 1008 praetor
779 935 910 989 nauata
923 926 1045 1009 petenti

203 1024 386 1109 Responde,
402 1025 522 1108 quibus
536 1025 676 1089 amissas
688 1043 835 1108 reparare
849 1044 969 1108 queam
983 1045 1034 1090 res

204 1126 339 1193 Artibus
353 1135 452 1208 atque
464 1123 579 1189 modis.
622 1123 716 1195 Quid
738 1124 822 1189 rides
831 1125 1007 1190 a-Jamne
1021 1124 1132 1219 ‹1on

205 1225 282 1291 Non
296 1225 376 1289 satis
390 1234 440 1289 est
453 1225 603 1289 Ithacam
615 1224 727 1288 revehi
740 1226 923 1308 patriosque
937 1236 1070 1308 penates

207 1324 382 1408 adspicere
390 1324 479 1388 a-0
493 1324 578 1388 nulli
591 1324 772 1407 quidquam
786 1326 927 1407 mentite,
943 1325 1036 1389 vides
1050 1336 1088 1391 ut
1162 1328 1183 1390 5

207 1423 328 1488 Nudus
342 1425 498 1507 inopsque
512 1424 648 1489 domum
661 1424 801 1505 redeam,
817 1436 847 1488 te
858 1436 952 1508 vate3
975 1445 1081 1509 neque
1095 1426 1161 1491 illie

206 1526 275 1587 Aut
289 1525 447 1607 apotheca
459 1525 563 1607 prosis
577 1525 700 1589 intaeta
713 1534 764 1588 est
777 1536 836 1589 aut
850 1545 968 1608 pecus:
992 1526 1084 1610 atqui

206 1623 254 1687 Et
268 1643 371 1706 genus
385 1634 418 1687 et
431 1624 543 1703 virtus,
558 1624 622 1688 nisi
635 1643 714 1689 eum
728 1643 769 1704 re,
785 1624 879 1688 vilior
892 1625 968 1707 alga
984 1634 1086 1688 ssu-

206 1722 354 1794 Quando
367 1723 553 1806 pauperiem
566 1723 674 1787 missis
688 1724 882 1805 ambagibus
897 1724 1014 1803 horres,

208 1823 337 1908 Aoeipe,
352 1842 419 1905 qua
433 1823 554 1888 ratione
569 1841 671 1905 queas
685 1821 848 1885 ditescere.
892 1821 1029 1887 Turdus
1143 1823 1185 1887 10

206 1925 286 1990 sive
300 1922 391 1987 aliud
404 1923 534 2006 privum
548 1921 678 1986 dabitur
691 1921 757 2001 tibi,
773 1920 900 1984 devolet
913 1921 1000 2002 illuc,

206 2024 275 2088 Res
289 2022 345 2086 ubi
358 2040 481 2105 magua
493 2022 582 2102 nitet,
597 2021 729 2085 domino
743 2038 838 2085 sene:
860 2019 970 2084 dulcia
983 2039 1080 2104 poma
1113 2068 1124 2089 .

208 2121 255 2186 Et
268 2139 480 2204 quoscunque
493 2119 574 2184 feret
585 2120 694 2184 cultus
709 2120 767 2185 tibi
781 2119 905 2184 fundus
919 2120 1065 2202 honores,

207 2222 294 2285 Ante
308 2221 427 2284 Larem
441 2230 550 2303 gustet
563 2219 776 2284 venerabilior
789 2220 872 2283 Lare
889 2219 999 2302 dives3

207 2320 280 2392 Qui
293 2319 446 2403 quumvis
459 2321 605 2404 perjurus
618 2321 685 2401 erit,
700 2320 771 2384 siue
785 2330 888 2403 gente,
903 2330 1057 2385 eruentus
1143 2320 1183 2384 15

207 2419 377 2502 Sanguine
391 2417 538 2499 fraterno,
553 2418 720 2503 fugitivus,
736 2440 778 2484 ne
792 2430 902 2484 tamen
916 2419 963 2484 illi

208 2519 267 2583 'ru
280 2537 390 2582 eomes
403 2518 548 2599 exterior,
565 2520 593 2583 si
607 2520 757 2602 postulet,
773 2520 817 2583 ire
832 2538 1015 2584 recuses.-

208 2618 297 2684 Utue
311 2628 421 2701 tegam
434 2637 550 2701 spureo
565 2619 692 2683 Damae
707 2619 817 2683 latus?
860 2617 961 2683 Haud
975 2618 1020 2683 ita
1034 2618 1153 2702 Trojae

208 2718 265 2782 Me
279 2719 375 2802 gessi,
389 2728 517 2783 certans
531 2738 657 2802 semper
670 2719 997 2803 melioribus-Ergo

208 2816 338 2900 Pauper
351 2818 599 2883 eris-Fortem
612 2818 674 2882 hoe
688 2819 838 2882 animum
852 2817 985 2881 tolerare
994 2817 1128 2902 jubebo:
1141 2817 1185 2881 20

208 2916 255 2980 Et
268 2916 436 2999 quondam
449 2919 572 3002 majora
585 2918 656 2983 tuli.
700 2918 759 2982 'Pu
772 2918 927 3001 protinus,
942 2917 1030 2982 unde

208 3014 351 3079 Divitias
365 3018 511 3100 aerisque
525 3036 628 3098 ruam,
644 3016 697 3081 die
711 3036 825 3101 augur,
841 3037 1027 3081 acervos.-

208 3114 290 3179 Dixi
303 3115 456 3198 equidem
468 3126 502 3181 et
515 3116 607 3182 dieo:
629 3128 739 3200 captes
754 3128 882 3182 astutus
896 3118 1017 3201 ubique

208 3214 424 3280 Testamenta
437 3236 563 3299 senum,
578 3236 653 3299 neu,
669 3217 698 3281 si
712 3216 803 3282 veser
817 3236 904 3282 unus
918 3227 951 3280 et
964 3217 1045 3281 alter

208 3314 434 3380 Insidiatorem
447 3336 595 3400 praeroso
608 3316 726 3401 fugerit
739 3318 845 3399 hamo,
1142 3316 1185 3382 25

207 3414 277 3478 Aut
290 3434 383 3498 spem
396 3415 539 3500 deponas
553 3427 612 3483 aut
626 3427 728 3482 artem
742 3417 859 3481 illusus
873 3415 1011 3479 omittas.

208 3513 333 3598 Magna
346 3515 493 3581 minorve
507 3517 575 3582 foro
588 3519 617 3581 si
631 3538 682 3587 res
695 3516 869 3582 certabitur
882 3515 968 3596 olim,

209 3613 305 3679 Vivet
319 3624 391 3679 utar
404 3615 549 3700 locuples
563 3618 634 3682 sine
648 3619 764 3702 gnatis,
779 3616 952 3701 improbus,
967 3615 1051 3681 ultro

444 3832 471 3884 8.
483 3849 506 3883 r.
519 3833 543 3884 3.
561 3824 908 3903 ἀοίωῃωεείεωωιίυω).
