2842 4342
521 350 631 402 unm
653 350 693 401 n
742 350 771 402 s
796 352 850 402 nn
1113 338 1185 409 als

725 494 749 555 Ψ

547 639 710 701 sauma
745 638 808 700 111.

206 865 263 931 Sic
278 884 349 928 raro
364 864 485 943 scribis,
501 873 538 927 ut
552 873 616 926 toto
631 882 697 926 non
713 873 827 945 quater
840 882 927 926 auno

165 964 393 1030 Membrauam
406 983 530 1046 poscas,
546 963 735 1045 scriptorum
750 982 899 1045 quaeque
914 974 1068 1045 retexens,

165 1065 273 1130 Iratus
288 1064 354 1143 tibi,
369 1062 457 1146 quod
471 1063 540 1126 vini
555 1062 724 1145 somnique
738 1062 899 1145 benignus

166 1162 222 1230 Nil
237 1162 376 1246 dignum
390 1181 535 1226 sermone
549 1181 660 1226 canas.
703 1161 798 1232 Quid
812 1162 891 1225 fietl
934 1164 978 1227 At
992 1162 1069 1246 ipsis

165 1262 395 1328 Saturnalibus
409 1262 475 1325 huc
490 1260 610 1346 fugisti.
654 1261 787 1326 Sobrius
801 1282 876 1345 crgo
1163 1263 1184 1327 5

166 1362 231 1427 Dic
244 1360 369 1444 aliquid
383 1361 521 1445 dignum
534 1361 708 1445 promissis.
752 1361 870 1445 Incipe.
915 1362 970 1426 Nil
985 1373 1042 1427 est

165 1461 351 1546 Culpantur
364 1460 485 1529 fmstra
496 1460 624 1542 calami,
640 1461 884 1545 Immeritusque
899 1461 1024 1528 laborat

164 1560 260 1626 Iratis
275 1571 373 1624 uatus
387 1560 492 1644 paries
507 1559 558 1623 dts
572 1570 670 1643 atque
684 1561 795 1644 poetis.

164 1660 267 1744 Atqui
282 1660 395 1724 vultus
409 1669 478 1724 erat
491 1659 597 1722 multa
610 1670 642 1723 et
655 1659 820 1742 praeclara
835 1661 999 1740 mmantis,

165 1761 202 1825 si
215 1778 362 1823 vacuum
376 1758 483 1843 tepido
496 1759 633 1842 cepisset
646 1758 762 1822 villula
777 1770 867 1823 tecto.
1144 1760 1185 1823 10

165 1860 337 1931 Quorsum
351 1858 504 1942 pertinuit
517 1859 633 1942 stipare
648 1858 787 1922 Platona
801 1858 989 1939 Menandro,

166 1958 320 2042 Eupolis,
336 1958 574 2040 Archilochum,
590 1958 724 2023 comites
738 1958 874 2022 educere
889 1959 1017 2022 tantosl

166 2057 331 2123 Invidiam
345 2057 472 2140 placare
485 2077 589 2141 paras,
605 2058 724 2122 virtute
739 2057 872 2122 relicta?

166 2159 389 2238 Contemnere,
405 2157 521 2220 miser!
566 2156 707 2221 Vitanda
721 2168 771 2221 est
785 2158 929 2241 improba
944 2157 1037 2222 Siren

167 2256 311 2336 Desidia,
326 2265 393 2337 aut,
408 2255 567 2339 quidquid
581 2258 650 2320 vita
664 2257 794 2320 meliore
808 2257 937 2340 parasti,
1145 2258 1185 2323 15

167 2356 362 2420 Ponendum
376 2374 481 2438 aequo
495 2355 703 2419 anima-Dr
717 2366 757 2437 te,
774 2357 979 2440 Damasippe,
995 2357 1139 2440 deaeque

167 2455 290 2519 Verum
304 2455 347 2518 ob
360 2455 533 2519 consilium
547 2455 668 2519 donent
683 2456 826 2520 tonsore!
870 2456 936 2521 Sed
951 2455 1038 2520 uude

168 2555 257 2619 Tam
273 2556 355 2618 bene
369 2574 422 2617 me
437 2555 522 2617 nosti
529 2554 766 2638 l-Postquam
780 2556 886 2618 omnis
900 2575 950 2617 res
965 2575 1039 2618 mea
1053 2555 1176 2619 Jauum

169 2654 221 2717 Ad
235 2653 382 2718 medium
398 2653 500 2717 fracta
514 2665 571 2734 est,
588 2655 695 2718 aliena
710 2656 839 2738 negotia
853 2675 939 2736 curo,

169 2752 343 2817 Excussus
358 2753 498 2836 propriis.
543 2753 632 2817 Olim
647 2773 727 2817 nam
740 2774 892 2836 quaerere
907 2753 1069 2833 amabam,
1143 2752 1187 2816 20

168 2854 248 2923 Quo
262 2851 353 2916 vafer
367 2851 420 2915 ille
435 2851 532 2935 pedes
546 2852 679 2917 lavisset
693 2853 856 2936 Sisyphus
870 2872 951 2931 aere,

119 3020 127 3037 ‚
168 2951 263 3022 Quid
278 2951 442 3035 sculptum
457 2951 588 3033 infabre,
604 2952 683 3035 quid
699 2952 810 3016 fusum
826 2951 938 3014 durius
953 2961 1054 3033 esset3

169 3051 319 3116 Callidus
334 3052 411 3115 huic
426 3052 517 3134 signo
533 3053 693 3135 ponebam
706 3052 810 3115 millia
824 3062 973 3115 centum:

170 3151 289 3215 Hortos
303 3151 512 3234 egregiasque
527 3151 640 3214 domos
654 3152 822 3214 mercarier
837 3171 923 3214 uuus
1062 3224 1068 3239 Ι

171 3252 258 3314 Cum
273 3248 362 3312 lucro
377 3269 507 3332 noram3
531 3250 618 3314 unde
633 3250 814 3332 frequentia
829 3248 1020 3313 Mercuriale
1144 3248 1187 3314 25

171 3350 356 3433 Imposuere
371 3349 451 3412 mihi
465 3369 644 3434 cognomen
658 3347 945 3433 compita—Novi,

173 3450 216 3513 Et
230 3452 328 3514 miror
342 3450 443 3513 morbi
458 3458 633 3533 purgatum
647 3460 678 3512 te
693 3447 934 3530 illius-Atqui

172 3548 306 3614 Emovit
318 3558 458 3613 veterem
473 3550 550 3613 mira
566 3568 680 3628 novus,
696 3558 734 3611 ut
748 3547 834 3626 solet,
851 3546 885 3611 in
899 3566 953 3610 cor

294 3746 367 3797 ssa
382 3750 435 3797 r-r.
454 3746 547 3799 simo
555 3749 677 3798 rerua-
686 3745 846 3809 -quraserr
910 3750 934 3797 4.
952 3746 1068 3809 serpe

273 3827 297 3881 s.
313 3827 505 3893 maurus
539 3827 645 3893 argo..
734 3826 771 3877 re.
791 3826 1089 3888 romanoram
