2842 4342
497 266 871 367 mnem'om
1141 298 1184 370 et

539 598 719 661 OABMEN
746 598 822 661 ΧΠ

491 796 549 840 ΑΒ
585 795 869 840 ΝΕΟΒΠΒΗ.

214 976 408 1040 Miserarum
421 982 476 1036 est·
483 991 591 1054 neque
604 972 706 1036 emori
719 971 797 1036 dere
810 971 927 1037 ludum
939 992 1045 1055 neque
1059 974 1154 1038 dulei

214 1074 305 1139 Male
318 1074 395 1136 vino
409 1072 525 1152 lavere,
540 1080 599 1135 eut
612 1071 794 1135 exanimari
808 1081 987 1136 metuentes

299 1172 440 1237 Petruee
453 1170 586 1234 verbere
600 1169 741 1253 linguae.

215 1272 295 1337 Tini
307 1270 445 1354 qualum
458 1268 638 1351 Cythereae
651 1287 732 1351 puer
744 1267 821 1349 ales,
836 1269 895 1333 tibi
909 1269 990 1333 telas

216 1371 441 1454 operosaeque
457 1368 624 1433 Minervae
637 1367 785 1432 studium
797 1366 910 1448 aufert,
926 1368 1082 1449 Neobule,
1166 1371 1187 1434 ὅ

299 1468 449 1551 Liparaei
462 1468 546 1532 nitor
559 1467 670 1548 Hebri,
1232 1488 1235 1497 ¹

214 1567 321 1633 Simul
335 1577 450 1631 unetos
464 1566 626 1632 Tiberinis
637 1567 789 1630 humeros
803 1565 884 1628 levit
897 1566 932 1629 in
946 1565 1052 1646 undis,

217 1667 330 1749 Eques
343 1667 412 1749 ipso
426 1666 537 1730 melior
550 1665 801 1748 Bellerophonte,
817 1683 922 1746 neque
936 1682 1046 1747 pugno

301 1765 415 1847 Neque
430 1765 521 1848 segni
534 1752 615 1848 pede
628 1766 755 1829 vietum

215 1865 319 1927 Cetus
332 1862 419 1927 idem
432 1883 489 1947 per
502 1874 648 1947 apertum
662 1863 823 1946 fugientes
837 1861 958 1945 agitato
1129 1862 1187 1933 ,10

214 1963 321 2045 Grege
336 1981 447 2025 cervos
455 1962 601 2046 jaculari,
616 1972 649 2026 et
661 1962 747 2028 celer
760 1961 826 2026 alto
839 1961 1020 2026 latitantem

298 2061 461 2126 Frutieeto
474 2061 621 2145 excipere
635 2080 759 2145 aprum

531 2599 712 2662 OABMEN
738 2600 832 2662 xm

406 2797 460 2840 AD
489 2796 666 2842 FONTEM
697 2796 956 2843 nunonem.

339 2972 370 3036 Ο
384 2972 456 3036 fone
469 2973 663 3054 Bandusiae,
678 2972 978 3058 splendidiorum,

340 3070 439 3135 Dnlci
451 3071 548 3155 digne
562 3091 657 3152 mero,
672 3091 738 3137 non
752 3073 822 3137 sine
836 3071 976 3163 floribus,

382 3170 462 3234 Grae
475 3170 644 3235 donaberis
658 3170 771 3253 hoedo,

423 3270 487 3333 Oui
501 3269 589 3335 frons
603 3269 732 3354 turgido
744 3270 895 3335 cornibus

337 3463 455 3529 Primis
468 3477 501 3532 et
514 3487 666 3532 venerem
679 3478 712 3531 et
725 3466 845 3550 proelio
858 3465 1013 3544 destinet3
1163 3468 1184 3531 t

339 3563 491 3656 Frtutra:
513 3586 593 3631 nem
606 3565 730 3650 gelidos
744 3564 866 3630 inficiet
878 3565 936 3629 tibi

571 3764 601 3816 0.
612 3766 656 3815 xii.
670 3767 708 3815 ll.
725 3772 788 3816 erto.
