2842 4342
698 361 846 414 EPODON

633 647 814 710 ornunn
845 647 909 710 111„
1024 616 1028 623 ’

537 834 606 905 ἈΒ
643 861 989 907 nancauarnn.

409 1054 557 1118 Parentis
571 1054 649 1117 olim
664 1054 692 1116 si
706 1055 781 1135 quis
797 1054 896 1137 impia
911 1075 1011 1119 manu

452 1153 560 1218 Senile
575 1163 687 1236 guttur
700 1152 835 1236 fregerit,

409 1252 489 1317 Edit
503 1253 617 1316 cicutis
631 1252 748 1316 allium
763 1253 942 1317 nocentius.

453 1352 482 1417 Ο
497 1351 579 1417 dura
594 1370 775 1416 messorum
789 1352 863 1415 ilia!

409 1450 503 1522 Quid
517 1451 579 1514 hoc
594 1451 716 1514 veneni
727 1451 831 1514 saevit
845 1451 879 1514 in
893 1451 1111 1535 praecordiist
1255 1455 1278 1517 5

452 1550 543 1614 Num
556 1551 722 1633 viperinus
735 1550 788 1613 his
802 1570 896 1614 cruor

409 1650 560 1714 Incoctus
574 1649 681 1714 herbis
695 1668 748 1713 me
762 1649 901 1714 fefellit?
923 1670 966 1715 an
981 1652 1086 1715 malas
1166 1644 1171 1653 ”

451 1747 590 1812 Canidia
604 1749 755 1812 tractavit
768 1748 892 1832 dapesi

409 1847 454 1913 Ut
468 1849 672 1931 Argonautas
686 1859 811 1931 praeter
824 1866 938 1911 omnes
951 1848 1129 1913 candidum

450 1947 567 2011 Medea
581 1948 697 2011 mirata
711 1958 760 2011 est
774 1946 900 2028 ducem,
1235 1948 1277 2013 10

408 2048 523 2131 Ignota
537 2047 636 2110 tauris
651 2046 852 2130 illigatumm
860 2048 940 2131 juga
991 2080 997 2094 ·

321 2176 323 2181 ·
449 2146 607 2209 Penmxit
620 2145 683 2210 hoc
698 2146 866 2209 Iasonem:

408 2245 479 2309 Hoc
494 2244 645 2308 delibutis
659 2244 731 2307 ulta
744 2243 838 2308 donis
851 2243 1008 2327 pellicem,

448 2344 604 2427 Serpente
618 2343 703 2426 fugit
717 2344 802 2408 alite.

409 2444 478 2508 Nec
493 2453 603 2507 tantus
617 2462 766 2527 unquam
781 2428 924 2507 siderirnr
938 2442 1056 2506 insedit
1069 2460 1170 2523 vapor
1234 2443 1274 2507 15

449 2542 641 2607 Siticulosae
655 2542 794 2625 Apuliae
805 2564 813 2625 3

408 2642 477 2707 Nec
492 2660 614 2706 munus
628 2642 773 2705 humeris
787 2640 927 2705 efficacis
941 2638 1091 2704 Herculis

449 2743 567 2807 Inarait
581 2741 772 2806 aestuosius.

409 2844 461 2922 At,
477 2843 505 2906 si
519 2841 599 2925 quid
613 2860 763 2923 unquam
779 2839 842 2903 talc
856 2837 1088 2921 concupiveris,

450 2943 563 3006 Jocose
578 2941 762 3021 Maecenas,
777 2957 895 3022 precor,
1231 2932 1277 2997 20

409 3042 548 3107 Manum
561 3043 671 3125 puella
686 3043 777 3106 savio
791 3051 932 3125 opponat
946 3049 1010 3120 tuo,

450 3141 608 3205 Extrema
622 3151 654 3205 et
668 3142 702 3205 in
718 3141 843 3225 sponda
857 3140 962 3203 cubet.

536 3341 610 3393 cm.
623 3342 647 3392 ³.
666 3340 739 3392 ndat.
838 3340 862 3391 8.
880 3340 988 3390 renunc
