2842 4342
505 282 879 340 munnam.
1095 266 1167 338 789

145 446 210 511 llle
225 442 359 509 Bioneis
371 441 572 505 sermonibus
584 451 617 504 et
631 439 699 504 sale
713 440 813 522 nigro.
1127 439 1170 503 60

145 546 238 610 Tres
251 542 337 606 mihi
350 541 508 604 convivae
521 559 618 623 prope
632 538 799 603 dissentire
815 538 972 618 videntur,

149 644 330 708 Poscentes
344 639 434 702 vario
447 639 589 703 multum
603 637 731 702 diversa
744 637 860 720 palato.

149 738 249 812 Quid
263 736 365 802 dent
386 735 467 820 quid
481 756 547 800 non
557 735 656 800 dem?
688 735 813 800 Renuis
824 746 868 814 tu,
878 734 967 816 quod
976 735 1068 818 jubet
1076 734 1170 818 altem

153 837 260 911 Quod
275 837 366 920 petis,
382 835 415 899 id
429 855 508 899 sane
522 845 572 899 est
584 836 728 899 invisum
742 834 938 915 acidumque
952 832 1088 898 duobus.

153 940 291 1002 Praeter
304 946 419 1014 cetera,
434 953 487 997 me
501 934 666 998 Romaene
681 944 830 1016 poemata
843 952 955 996 censes
1132 934 1172 997 65

153 1035 302 1101 Scribere
317 1052 410 1117 posse
425 1033 507 1096 inter
520 1042 566 1096 rot
579 1052 675 1096 curas
689 1044 799 1115 totque
814 1032 959 1096 laboresl
1004 1063 1008 1071 ·

155 1136 218 1198 llic
236 1151 394 1216 sponsum
408 1143 512 1211 vocat,
527 1132 581 1195 hic
595 1130 746 1195 auditum
759 1132 876 1213 scripta
890 1130 1007 1195 relictis

155 1233 325 1297 Omnibus
337 1230 469 1294 officiis:
491 1231 590 1295 cubat
603 1230 657 1294 hic
671 1231 706 1294 iu
720 1230 802 1294 colle
815 1230 956 1310 Quirini,

155 1332 221 1395 Hic
235 1340 381 1393 extremo
395 1329 431 1393 in
444 1329 614 1407 Aventino,
629 1329 784 1394 visendus
799 1341 949 1412 uterque:

157 1428 335 1494 Intervalla
348 1427 439 1491 vides
454 1428 600 1491 humane
613 1428 956 1494 commoda-Verum
1133 1429 1175 1492 70

157 1529 265 1592 Purae
279 1536 357 1590 suut
370 1526 505 1609 plateae,
520 1526 601 1590 nihil
616 1538 654 1591 ut
667 1527 896 1591 meditantibus
910 1528 1065 1591 obstet—

161 1627 311 1691 Festinat
323 1624 449 1689 calidus
464 1624 563 1689 mulis
577 1626 759 1709 gerulisque
774 1626 960 1708 redemptor,

160 1725 308 1807 Torquet
322 1743 410 1787 nuuc
425 1724 576 1807 lapidem,
591 1744 679 1789 nuuc
694 1726 809 1808 ingens
825 1725 978 1789 machina
992 1725 1128 1807 tignum,

161 1822 286 1887 Tristia
299 1823 437 1887 robustis
452 1823 617 1888 luctantur
629 1824 747 1888 funera
761 1823 921 1907 plaustris,

161 1922 234 1986 Hac
248 1921 375 1986 rabiosa
388 1919 467 1985 furit
480 1923 580 2003 canis,
595 1923 657 1986 hac
673 1922 834 1987 lutulenta
847 1922 911 1986 ruit
924 1941 999 1985 sus:
1134 1920 1176 1986 75

160 2020 178 2084 1
191 2039 281 2084 nunc
294 2030 328 2083 et
340 2039 455 2083 versus
469 2032 579 2086 tecum
591 2021 746 2085 meditare
761 2040 904 2086 canoros.

162 2119 361 2203 Scriptomm
374 2119 493 2183 chorus
507 2120 613 2184 omnis
627 2132 717 2185 amat
730 2140 855 2202 nemus,
869 2130 902 2184 et
915 2120 999 2204 sugit
1012 2120 1132 2200 urbem,

161 2218 235 2282 Rite
248 2217 350 2281 cliens
364 2218 486 2282 Bacchi
500 2238 616 2284 somno
629 2219 800 2303 gaudentis
814 2230 847 2284 et
860 2220 993 2301 umbra3

163 2316 220 2380 Tu
233 2335 288 2380 me
302 2316 385 2380 inter
398 2318 548 2401 strepitus
562 2328 735 2381 nocturnos
749 2329 847 2401 atque
860 2318 993 2382 diurnos

164 2416 219 2479 Vis
233 2434 358 2495 canere,
373 2426 405 2478 et
418 2427 582 2480 eontracta
595 2417 688 2499 sequi
702 2417 837 2501 vestigia
851 2418 988 2480 vatuml
1134 2415 1177 2478 80

164 2514 345 2597 Ingenium,
360 2515 421 2578 sibi
435 2515 523 2598 quod
537 2534 660 2579 vacuas
675 2514 854 2598 desumpsit
866 2516 1013 2579 Athenas

165 2612 210 2675 Et
222 2611 339 2675 studiis
353 2632 457 2676 annos
472 2624 594 2695 septem
608 2612 697 2677 dedit
710 2615 916 2695 insenuitque

164 2710 270 2775 Libris
283 2721 316 2773 et
329 2712 423 2792 curis,
439 2721 548 2776 statua
563 2713 753 2777 taciturnius
767 2713 836 2775 exit

165 2809 361 2892 Plerumque
374 2819 407 2873 et
420 2810 487 2874 risu
501 2811 659 2894 populum
673 2812 797 2895 quatit:
819 2810 873 2873 hic
886 2828 952 2893 ego⁴
970 2827 1076 2872 rerum

165 2907 337 2971 Fluctibus
352 2908 385 2971 iu
399 2908 515 2973 mediis
529 2921 561 2973 et
576 2910 818 2993 tempestatibus
832 2909 928 2988 urbis,
1137 2904 1179 2970 85
1271 2929 1273 2932 ’

165 3005 271 3070 Verba
285 3006 375 3089 lyrae
389 3019 517 3072 motura
530 3028 649 3073 sonum
662 3019 850 3072 connectere
864 3006 999 3090 digner?

166 3105 279 3169 Frater
292 3115 361 3168 erat
375 3105 497 3169 Romrm
511 3106 651 3172 consulti
666 3108 779 3187 rhetor,
794 3117 831 3169 ut
845 3106 924 3169 alter

166 3201 308 3266 Alterius
323 3223 468 3268 sermone
484 3225 588 3271 meros
602 3206 728 3270 audiret
742 3207 887 3283 honores,

165 3302 335 3366 Gracchus
350 3315 386 3365 ut
401 3304 454 3367 hic
469 3305 517 3369 illi
530 3305 619 3386 foret,
635 3307 711 3371 huic
727 3317 764 3369 ut
777 3305 908 3368 Mucius
923 3303 984 3366 ille.

166 3400 363 3471 Qutminus
377 3413 508 3485 argutos
523 3404 795 3467 vexatfuroriste
810 3401 945 3486 poetas?
1138 3401 1181 3467 90

166 3498 321 3563 Carmina
335 3519 501 3583 compono,
517 3503 571 3566 hic
585 3503 701 3586 elegos.
746 3502 892 3567 Mirabile
907 3502 980 3565 visu

485 3732 525 3780 77.
543 3732 619 3781 urbes.
686 3730 726 3780 80.
743 3740 862 3780 mutam.

658 3825 697 3886 13
