2842 4342
295 332 368 452 §50
676 393 931 444 semmurensi

336 556 513 627 (iurantem
528 550 687 634 quidquid
702 550 841 634 dignum
855 551 998 633 sapiente
1013 552 1161 633 bonoque
1174 551 1253 615 estl
1296 552 1318 613 5

314 644 318 652 ¹
335 655 410 719 Non
425 663 460 717 tu
474 671 591 735 corpus
605 671 676 715 eras
691 651 761 715 sine
775 662 918 734 pectore:
940 650 975 714 dt
989 651 1046 716 tibi
1062 651 1209 732 sennam,

336 754 381 817 Dt
396 754 453 816 tibi
467 751 597 815 divitias
611 751 777 831 dederunt,
793 762 958 833 artemque
972 750 1109 815 fluendi,

337 852 430 924 Quid
444 862 562 916 voveat
575 850 666 915 dulci
678 851 842 915 nutricula
856 854 962 935 majus
976 850 1118 931 alumno,

337 952 407 1025 uui
422 971 532 1036 sapere
546 961 578 1015 et
592 950 652 1015 lari
665 952 767 1034 possit
780 970 864 1035 quae
879 952 1004 1033 sentiat,
1020 961 1052 1014 et
1065 953 1119 1016 cui

337 1051 458 1131 Gratia,
474 1051 570 1131 lama,
586 1049 740 1114 valetudo
753 1052 919 1134 contingat
933 1050 1071 1132 abunde,
1277 1052 1316 1115 10

337 1152 384 1216 Et
398 1150 543 1214 mundus
557 1151 672 1231 victus,
687 1169 755 1215 non
769 1149 938 1215 deficiente
951 1152 1129 1215 crumena?

338 1252 425 1315 Inter
439 1270 529 1334 spem
543 1268 729 1332 curamque,
744 1250 873 1313 timores
887 1251 970 1314 inter
982 1259 1015 1313 et
1028 1251 1100 1330 iras,

338 1351 480 1416 Omnem
493 1350 585 1413 crede
600 1348 687 1414 diem
701 1350 758 1414 tibi
773 1349 933 1414 diluxisse
947 1369 1144 1434 supremum

338 1451 438 1514 Grata
452 1451 664 1533 superveniet,
679 1469 764 1531 quae
778 1469 845 1514 non
859 1451 1045 1534 sperabitur,
1060 1451 1148 1514 hora

338 1549 393 1614 Me
406 1550 562 1634 pinguem
575 1560 608 1613 et
622 1549 763 1613 nitidum
777 1550 859 1613 bene
873 1560 987 1613 curata
1000 1559 1074 1613 cute
1088 1550 1185 1631 vises,
1272 1553 1312 1616 15

339 1649 426 1714 Cum
440 1648 541 1713 ridere
554 1648 645 1712 voles
659 1648 794 1732 Epicuri
808 1649 848 1713 de
863 1669 958 1734 grege
972 1669 1114 1734 porcum

666 2209 882 2273 EPISTOLA
909 2208 946 2271 V.

597 2409 655 2451 AD
686 2407 1009 2457 TORQUATUM.

377 2583 413 2648 Si
428 2593 516 2667 potes
531 2585 698 2649 Archiacis
713 2587 854 2650 conviva
867 2588 1051 2651 recumbere
1066 2586 1164 2669 lectis,

335 2679 404 2746 Nec
418 2683 547 2748 modica
560 2705 695 2748 coenare
710 2686 804 2749 times
819 2685 891 2749 olus
906 2706 1001 2750 omne
1016 2687 1143 2770 patella,

334 2780 491 2864 Supremo
505 2792 536 2846 te
551 2783 617 2846 sole
631 2783 729 2865 domi,
745 2783 920 2866 Torquate,
935 2787 1081 2849 manebo.

334 2881 418 2945 Vina
432 2883 530 2965 bibes,
546 2885 663 2948 itemm
677 2884 792 2949 Tauro
805 2884 925 2949 diffusa
939 2886 1097 2969 palustres

333 2980 421 3044 Inter
435 2982 619 3046 Minturnas
633 2984 937 3067 Sinuessanumque
951 2985 1127 3049 Petrinum.
1284 2987 1306 3050 ὅ

332 3081 369 3144 si
383 3080 500 3144 mellus
514 3081 594 3164 quid
608 3082 719 3163 habes,
735 3103 868 3165 arcesse,
884 3083 937 3148 vel
952 3085 1122 3167 imperium
1137 3083 1192 3148 ser·

331 3179 534 3244 iamdudum
549 3180 694 3264 splendet
709 3180 801 3245 focus
815 3192 848 3247 et
862 3183 918 3247 tibi
933 3183 1058 3247 munda
1072 3183 1228 3267 supellex

332 3277 424 3343 Mitte
439 3279 527 3367 leves
542 3300 624 3365 spes,
639 3290 672 3344 et
685 3282 863 3345 certamina
876 3282 1071 3363 divitiarum,

331 3378 377 3442 Et
391 3380 517 3445 Moschi
532 3401 677 3446 causam.
722 3383 802 3446 Cras
816 3394 894 3448 nato
909 3385 1049 3448 Caesare
1063 3383 1165 3448 festus

330 3476 398 3541 Dat
413 3480 543 3546 reniam
556 3501 772 3564 somnumque
787 3483 874 3546 dies:
897 3485 1029 3568 impune
1043 3484 1150 3548 licebit
1263 3483 1302 3547 1⁰

329 3577 497 3643 Aestivam
511 3601 657 3647 sermono
671 3583 811 3666 benigno
825 3583 955 3648 tendere
969 3596 1106 3649 noctem

328 3676 407 3746 Quo
421 3679 501 3742 mihi
516 3678 687 3761 fortunam,
703 3683 731 3746 si
746 3702 811 3747 non
825 3685 1012 3749 conceditur
1026 3684 1098 3749 util

324 3873 354 3916 e.
366 3891 390 3926 v.
403 3875 426 3927 c.
444 3876 497 3926 sm.
566 3876 603 3927 n.
622 3879 820 3944 uuo-roman
838 3884 1047 3944 outa-eamr
1064 3881 1267 3945 <tw-bum
