2842 4342
491 348 679 402 mmm.
730 351 862 404 cxvr
1134 333 1183 409 96

296 508 424 572 Aurum
437 506 495 591 per
508 494 631 571 medior
646 496 693 570 ire
705 500 857 571 satellites

296 607 343 671 Et
355 614 557 690 perrumpere
570 596 663 669 amat*
673 625 764 686 saxa,
780 594 941 701 potentiue
1143 609 1184 673 10

296 706 368 770 Ictu
382 704 558 769 fulmineo:
580 704 721 768 concidit
735 700 868 788 auguris

423 792 536 887 Argivi
548 796 674 884 domita,
689 804 732 867 ob
745 800 872 867 lucrum

297 1002 456 1067 uenena
467 1001 586 1065 exitio:
608 996 726 1064 diffidit
740 987 870 1065 urbium

298 1101 410 1166 Portae
423 1100 473 1164 vir
486 1099 632 1180 Macede
647 1109 680 1163 et
694 1100 820 1163 subruit
834 1100 979 1165 aemulos

298 1199 402 1283 Regoe
416 1199 624 1263 muneribus:
647 1202 784 1291 munera
796 1199 933 1263 naviuin

421 1297 544 1363 Saevos
559 1296 737 1379 illaqueant
749 1294 857 1361 ducac.

299 1495 503 1558 Crescentem
517 1494 662 1576 sequitur
674 1512 754 1557 cura
768 1494 940 1577 pecuniam

299 1592 521 1677 Majommque
534 1591 646 1657 sames.
690 1591 711 1656 J
711 1610 767 1656 ure
781 1593 947 1674 perhorrui

185 1694 193 1705 '
300 1690 379 1754 Luto
393 1691 606 1774 conspicuum
621 1689 730 1753 tollere
745 1690 906 1773 verticem,

424 1789 606 1869 Maecenas,
620 1789 767 1872 equitum
782 1788 892 1853 decua

299 2000 433 2070 Quanto
446 2001 585 2083 quiaque
599 2002 660 2066 sibi
674 2001 770 2084 plura
782 2000 956 2084 negaverit,

298 2098 349 2162 Ab
362 2097 413 2161 (lta
426 2098 521 2181 plura
534 2097 631 2164 ieret:
654 2099 701 2163 nil
715 2098 916 2183 cupientium

299 2196 415 2261 Nudus
429 2208 535 2262 caetra
549 2208 622 2281 peto
635 2208 667 2262 ot
682 2197 853 2283 translirga
866 2197 1005 2262 divitum

423 2296 535 2360 Partes
549 2297 692 2379 linquere
706 2297 824 2380 gaeti03

297 2508 507 2591 Contemptae
521 2508 674 2573 dominus
688 2507 883 2592 splendidior
896 2510 949 2590 rei,

296 2605 410 2675 Quam
424 2606 461 2686 ei,
475 2605 634 2690 quidquid
649 2616 718 2671 ruat
733 2608 867 2691 impiger
881 2606 1037 2691 Appulua.
1087 2656 1091 2661 .

296 2703 466 2767 Occultare
480 2705 562 2768 mein
575 2703 696 2769 dicerer
708 2706 837 2787 horreis,

421 2802 561 2885 Magnae
574 2804 656 2867 inter
669 2823 746 2887 opes
760 2805 861 2887 inope

215 3011 220 3019 '
295 3014 401 3079 Purae
415 3015 505 3079 rivus
520 3035 625 3098 aquae
640 3016 788 3099 silvaque
797 3016 949 3100 jugerum

295 3112 486 3195 Paucorum,
501 3125 534 3178 et
547 3116 663 3199 segetis
673 3125 761 3179 certa
775 3113 856 3179 fides
871 3133 972 3191 meae,

295 3212 491 3296 Fulgentem
504 3214 637 3296 imperio
651 3212 762 3278 fertilis
776 3213 903 3278 Africae

421 3312 522 3377 Fallit
535 3324 617 3377 sorte
631 3314 759 3378 beatior.

294 3524 498 3609 Quanquam
511 3545 571 3590 nec
586 3526 744 3590 Calabrae
757 3523 856 3589 melle
870 3522 976 3588 ferrmt
990 3540 1067 3608 apoc

295 3623 362 3689 Nec
376 3624 613 3711 Laestrygonia
627 3626 780 3692 Bocchus
794 3625 829 3689 in
843 3624 1006 3707 amphora,

528 3825 557 3874 C.
570 3826 619 3874 xri.
630 3823 670 3875 26.
688 3839 737 3873 non
749 3825 823 3887 plgrr.
