2842 4342
693 326 893 378 osnmms

501 484 624 550 Tutela
638 484 781 549 Saturno
795 482 958 568 refulgens

544 584 674 667 Eripuit
688 584 894 666 volucrisque
909 584 986 648 Fati

461 782 622 849 Tardsvit
635 782 715 863 alas,
731 801 808 847 cum
822 781 961 866 populus
975 781 1127 866 frequens
1267 784 1312 849 25

461 883 603 949 Laetum
616 883 750 946 theatris
763 893 811 945 ter
824 882 948 965 crepuit
961 901 1095 947 sonum:

503 982 558 1047 Me
575 993 709 1046 truncus
724 981 860 1064 illapsus
874 981 1002 1045 cerebro

547 1081 739 1160 Sustulerst,
753 1080 817 1144 nisi
831 1081 969 1144 Faunus
983 1079 1088 1146 ictum

463 1280 588 1359 Dextra
602 1279 750 1359 levasset,
766 1277 1011 1342 Mercurialium

463 1378 581 1443 Custos
595 1376 747 1440 virorum
790 1376 938 1441 Reddere
952 1378 1101 1442 victimas
1269 1378 1313 1443 30

506 1475 694 1559 Aedemque
709 1475 854 1540 votivam
868 1486 1048 1541 memento:

548 1570 617 1635 Nos
630 1570 790 1635 humilem
804 1568 955 1634 feriemus
970 1587 1100 1653 agnam

641 2139 824 2206 OABMEN
849 2143 976 2206 XVIIL

670 2341 724 2386 AD
750 2341 942 2387 smum.

447 2516 522 2581 Non
536 2517 617 2581 ebur
629 2536 737 2601 neque
751 2537 889 2583 aureum

489 2614 567 2679 Mea
580 2615 705 2685 renidet
718 2616 753 2680 in
768 2616 864 2682 domo
878 2618 1022 2698 lacunar,

447 2712 523 2778 Non
537 2715 644 2779 trabes
658 2715 846 2799 Hymettiae

488 2812 645 2879 Premunt
659 2816 830 2880 columnas
845 2815 961 2881 ultima
973 2813 1093 2880 recisos

446 2909 565 2993 Africa,
581 2914 803 2996 nequedttali
913 2974 915 2979 .
1290 2914 1311 2974 ὅ

489 3009 625 3091 Ignotus
639 3011 733 3075 heres
748 3013 870 3096 regiam
883 3011 1051 3095 occupavi,

446 3106 516 3171 Nec
530 3105 710 3170 Laconicas
725 3109 807 3173 mihi

489 3204 644 3269 Trahunt
657 3205 813 3270 honestae
827 3224 985 3290 purpuras
999 3204 1147 3272 clientae

445 3304 490 3367 At
503 3302 586 3368 fides
600 3313 633 3368 et
646 3303 753 3388 ingeni

488 3403 636 3488 Benigne
651 3424 736 3469 vena
749 3415 806 3485 est,
823 3423 1060 3489 pauperemque
1074 3404 1167 3475 divas
1272 3404 1314 3470 lo

448 3499 503 3564 Me
517 3503 616 3583 petit:
637 3503 721 3569 nihil
734 3523 832 3588 supra

427 3643 433 3653 .
488 3597 577 3664 Deos
590 3601 714 3668 lacesso
727 3621 789 3669 nec
803 3611 965 3689 potentem
979 3604 1124 3670 amicum

666 3799 696 3850 0.
707 3803 776 3852 xviii.
788 3801 812 3854 8.
836 3804 945 3856 clientes.
