2842 4342
233 338 306 410 802
560 354 612 404 nn
635 353 735 403 narn
759 352 922 404 roenna

269 513 382 595 Speret
395 511 491 592 idem,
506 511 602 574 sudet
616 511 766 589 multum,
783 511 966 593 frustraque
979 512 1100 576 laboret

270 612 383 677 Ausus
398 610 503 674 idem:
527 621 654 673 tanturn
670 611 767 673 series
776 613 994 694 juncturaque
1008 612 1114 693 pollet,

269 700 475 776 Tantnm'de
490 710 597 774 medio
612 712 751 793 sumptis
765 709 890 773 accedit
904 710 1043 773 honoris

269 812 369 877 Silvis
384 810 514 875 deducti
529 821 668 874 caveant
682 829 735 873 me
745 811 856 894 judice
872 811 989 890 Fauni,

270 911 328 991 Ne,
343 911 435 975 velut
449 910 552 974 innati
568 910 669 973 triviis
684 930 723 972 ao
739 930 841 993 paene
855 902 1006 990 forenses,
1185 912 1256 977 245

270 1011 337 1074 Ant
351 1010 490 1074 nimium
505 1010 621 1073 teneris
631 1011 830 1093 Juvenentur
843 1011 990 1073 versibus
1005 1028 1161 1091 unquam,

268 1111 336 1174 Ant
351 1110 522 1174 immunda
536 1120 666 1192 crepent
680 1110 960 1192 ignominiosaque
976 1108 1071 1172 dicta.

268 1209 489 1274 offenduntur
502 1210 599 1289 enim,
615 1209 735 1291 quibus
750 1219 800 1271 est
813 1228 919 1291 equus
933 1220 966 1273 et
980 1219 1070 1291 pater
1082 1220 1115 1272 et
1129 1229 1191 1289 res,

268 1310 344 1390 Nec,
361 1309 389 1372 si
403 1308 483 1391 quid
499 1307 581 1371 fricti
595 1309 707 1371 ciceris
723 1310 835 1391 probat
849 1319 882 1372 et
896 1311 990 1372 nucis
1004 1320 1135 1393 emptor,

266 1409 389 1491 Aequis
403 1408 568 1492 accipiunt
582 1409 709 1488 animis,
725 1408 889 1472 'donantve
904 1428 1073 1472 corona.»
1182 1411 1252 1474 250

266 1508 403 1591 Syllaba
417 1508 514 1592 longa
528 1507 618 1571 brevi
633 1509 777 1592 subjecta
792 1519 925 1572 vocatur
938 1510 1075 1589 iambus,

266 1608 329 1671 Pes
343 1608 445 1689 citus3
470 1607 556 1670 unde
574 1607 673 1670 etiam
688 1608 838 1671 trimetris
853 1627 1030 1671 accrescere
1040 1608 1138 1693 jussit

268 1706 397 1771 Nomen
412 1707 556 1788 iambeis,
571 1726 648 1770 cum
663 1726 759 1769 senos
774 1706 918 1771 redderet
933 1709 1015 1770 ictus

151 1886 159 1893 ι
266 1807 395 1871 Primus
410 1805 454 1869 ad
467 1816 649 1870 extremum
664 1806 779 1869 similis
794 1807 864 1870 sibi.
908 1807 981 1870 Non
998 1808 1043 1869 ita
1056 1805 1191 1888 pridem,

267 1906 404 1971 Tardior
418 1917 455 1970 ut
468 1906 579 1989 paullo
595 1906 786 1989 graviorque
801 1907 925 1970 veniret
938 1907 982 1968 ad
996 1925 1099 1984 aures,
1180 1907 1247 1971 255

266 2006 432 2088 Spondaos
447 2006 578 2069 stabiles
593 2006 627 2069 in
637 2007 713 2088 jura
726 2016 860 2088 paterna
874 2005 992 2089 recepit

265 2105 465 2170 Commodus
480 2115 513 2169 et
526 2106 660 2188 patiens,
676 2124 742 2170 non
757 2115 795 2169 ut
809 2104 849 2168 de
864 2104 940 2168 sede
954 2103 1098 2169 secunda

265 2205 399 2270 Cederet
413 2216 602 2289 autquarta
616 2205 784 2269 socialiter.
827 2204 892 2270 Hic
906 2217 938 2269 et
952 2207 985 2269 in
1000 2207 1081 2269 Acot

264 2304 434 2370 Nobilibus
450 2305 599 2369 trimetris
613 2316 746 2389 apparet
759 2325 859 2386 rarus,
874 2317 907 2369 et
921 2305 1012 2369 Ennt

263 2405 303 2468 In
318 2424 451 2469 scenam
465 2405 581 2468 missos
595 2424 673 2469 cnm
686 2424 808 2489 magno
821 2404 960 2488 pondera
974 2421 1097 2485 versuta,
1179 2405 1244 2468 mo

263 2506 331 2568 Aut
345 2524 459 2587 operae
473 2505 584 2568 celeris
599 2504 740 2568 nimium
754 2523 897 2586 curaque
911 2503 1057 2584 carentis,

263 2605 332 2668 Ant
345 2605 509 2688 ignoratae
524 2605 641 2688 premit
655 2604 732 2667 artis
747 2605 882 2667 crimine
896 2604 990 2686 turpi.

264 2703 338 2768 Non
353 2704 461 2786 quivis
476 2703 565 2768 videt
579 2703 795 2768 immodulata
809 2713 959 2786 poemata
969 2701 1079 2787 judex,

263 2803 309 2867 Et
322 2802 400 2867 data
413 2804 570 2868 Romanis
586 2805 682 2867 venia
696 2814 746 2866 est
761 2803 896 2886 indigna
909 2802 1020 2885 poetis

263 2901 428 2966 Idcircone
443 2922 543 2986 vager
557 2905 760 2984 scribamque
775 2903 930 2967 licenteri
951 2920 997 2965 an
1011 2918 1125 2964 omnes
1178 2900 1243 2964 265

263 3000 396 3065 Visuros
411 3012 544 3085 peccata
558 3012 670 3086 putem
685 3022 768 3083 mea,
784 3012 876 3065 tutus
890 3011 923 3064 et
936 3001 1022 3064 intra

262 3099 363 3183 Spem
376 3102 492 3165 veniae
506 3102 648 3166 cautus?
691 3102 801 3166 Vitari
815 3101 956 3183 denique
971 3099 1112 3183 culpam,
1180 3138 1187 3150 ·

263 3199 338 3264 Non
352 3199 485 3265 landem
500 3202 611 3264 merui.
655 3202 721 3265 Vos
737 3200 935 3284 exemplaria
950 3201 1076 3265 Graeca

263 3298 429 3363 Nocturna
444 3311 569 3363 versate
585 3319 696 3379 manu,
711 3312 839 3363 versate
854 3300 980 3363 diurna

263 3399 309 3463 At
322 3401 419 3464 vestri
435 3402 545 3485 proavi
560 3401 730 3465 Plautinos
744 3409 777 3462 et
791 3418 945 3463 numeros
959 3411 992 3462 et
1178 3397 1242 3463 270

262 3498 456 3563 Laudavere
471 3501 563 3581 salba,
580 3501 719 3565 nimium
734 3500 892 3582 patienter
906 3509 1092 3580 utrumque,

262 3597 313 3663 Ne
327 3596 435 3662 dicam
450 3600 556 3679 stulte,
572 3601 678 3665 mirati
691 3623 698 3682 ;
722 3600 750 3663 si
765 3599 862 3663 modo
875 3618 937 3683 ego
949 3610 983 3662 et
996 3617 1055 3661 vos

548 3828 604 3879 265.
624 3840 650 3880 at
660 3845 761 3891 omnm
777 3840 906 3881 atomnes
