2842 4342
250 342 323 425 er4
630 359 885 411 urnmmnuu

249 522 394 595 Qualem
407 517 624 598 commendes,
639 518 739 581 etiam
752 526 851 598 atque
864 516 963 580 etiam
977 516 1119 600 adspice,
1133 537 1175 582 ne
1189 535 1270 583 mox

253 622 414 686 lucutiant
428 618 535 682 aliena
551 617 608 682 tibi
623 626 756 700 peccata
770 615 935 698 pudorem

253 720 418 800 Fallimur,
433 728 466 781 et
480 716 648 799 quondam
662 734 728 780 non
743 715 880 797 dignum
894 715 1069 781 tradimus:
1091 735 1169 801 ergo

249 823 362 893 Quem
377 817 548 900 suaculpa
563 825 693 900 premet,
708 814 863 897 deceptus
876 816 987 880 omtte
1003 816 1104 899 tueri,
1402 876 1403 909 ,

250 921 296 984 Ut
309 920 437 1002 penitus
452 928 575 997 notum,
590 916 619 979 si
632 923 756 979 tentent
769 913 914 994 crimina,
929 934 1037 979 serves
1227 916 1274 981 80
1402 922 1403 925 ’

251 1019 449 1100 'I'uterisque
463 1027 520 1080 tuo
533 1015 689 1079 fidentem
703 1013 880 1096 praesidio:
902 1014 960 1097 qui

253 1119 358 1181 Dente
373 1115 547 1180 Theonino
561 1132 638 1178 cum
652 1111 905 1195 circumditur,
920 1112 1037 1196 ecquid
1124 1192 1127 1197 Ι

252 1215 305 1279 Ad
321 1225 351 1279 te
366 1226 437 1297 post
450 1213 561 1296 paullo
575 1222 714 1277 ventura
727 1211 870 1294 pericula
883 1212 1006 1276 sentisl

253 1315 340 1379 Nam
354 1324 412 1376 tua
425 1332 475 1375 res
490 1311 605 1393 agitur,
619 1310 724 1393 paries
737 1328 816 1375 cum
829 1310 996 1392 proximus
1009 1310 1109 1392 ardet,

252 1413 298 1478 Et
311 1411 459 1495 neglecta
473 1409 578 1473 solent
591 1408 743 1475 incendia
757 1409 990 1474 sumerevires
1230 1409 1274 1475 85

254 1512 369 1576 Dulcis
383 1509 557 1592 inexpertis
571 1509 701 1573 cultura
715 1508 853 1591 potentis
867 1509 982 1591 amici;

215 1620 218 1627 ’
253 1613 418 1694 Expertus
432 1609 556 1673 metuit
599 1607 667 1689 Tu,
683 1607 764 1679 dum
779 1618 837 1673 tua
850 1609 946 1672 navis
958 1609 996 1672 in
1009 1608 1075 1672 alto
1088 1619 1148 1689 est,

254 1713 325 1776 Hoc
339 1731 409 1794 age,
425 1729 467 1773 ne
480 1718 608 1773 mutata
621 1718 794 1772 retrorsum
807 1718 839 1772 te
853 1707 935 1772 ferat
947 1727 1036 1772 aura

255 1811 403 1876 Oderunt
416 1810 553 1874 hilarem
567 1808 672 1873 tristes
687 1808 876 1889 tristemque
886 1809 995 1892 jocosi,

213 1934 217 1940 ·
255 1909 414 1975 Sedatum
428 1908 554 1988 celeres,
570 1907 690 1991 agilem
703 1925 915 1989 gnavumque
928 1907 1061 1986 remissi,
1229 1906 1275 1971 90

254 2009 385 2072 Potorcs
400 2007 503 2072 bibuli
516 2004 625 2071 media
638 2005 678 2068 de
692 2015 786 2069 nocte
800 2004 932 2069 Falerni

254 2106 403 2170 Oderunt
417 2116 561 2190 porrecta
574 2113 751 2188 negantem
764 2104 889 2186 pocula,
904 2103 1056 2186 quamvis

255 2205 436 2269 Nocturnos
445 2207 534 2288 jures
548 2215 580 2268 te
594 2203 764 2268 formidare
778 2221 922 2286 vapores

255 2304 358 2367 Deme
373 2303 542 2386 supercilio
554 2305 697 2371 nubam:
719 2303 909 2386 plerumque
922 2300 1089 2366 modestus

254 2402 403 2484 Occupat
416 2403 543 2467 obscuri
557 2403 706 2486 speciem,
723 2402 904 2465 taciturnus
917 2400 1032 2465 acerbi
1229 2400 1274 2465 95

255 2501 342 2565 luter
355 2510 476 2565 cuncta
490 2502 578 2585 leges
591 2512 624 2566 et
637 2501 863 2584 percontabere
877 2500 996 2580 doctos,

255 2602 335 2671 Qua
349 2602 471 2666 ratione
484 2620 587 2684 queas
601 2601 768 2665 traducere
782 2600 896 2664 leniter
909 2618 1047 2681 aevum5

255 2699 345 2763 Num
359 2710 390 2763 te
405 2720 530 2783 semper
542 2701 635 2783 inops
649 2701 749 2783 agitet
763 2709 925 2782 vexetque
938 2697 1064 2781 cupido,

255 2798 346 2862 Num
360 2818 459 2882 pavor
473 2810 505 2863 et
519 2818 627 2865 rerum
641 2798 840 2863 mediocriter
854 2798 984 2862 utilium
998 2816 1090 2880 spes:

255 2897 414 2962 Virtutem
428 2898 573 2963 doctrina
586 2908 676 2982 paret
689 2909 848 2962 naturane
863 2897 978 2979 donet3
1214 2894 1278 2960 100

255 2995 348 3066 Quid
363 2998 490 3062 minuat
503 3018 608 3077 eruas,
622 2997 703 3080 quid
718 3008 750 3061 te
763 2998 821 3062 tibi
835 2995 948 3060 reddat
962 2996 1125 3060 amicum:

254 3096 348 3167 Quid
362 3116 440 3180 pure
454 3098 649 3179 tranquillet,
665 3098 769 3161 honos
783 3116 827 3160 en
842 3096 938 3161 dulce
952 3095 1125 3159 lucellum:

255 3197 309 3259 An
324 3205 484 3262 secretum
498 3198 556 3260 iter
570 3206 602 3259 et
616 3195 758 3260 fallentis
772 3197 887 3260 semita
901 3196 996 3259 vitae

256 3293 310 3357 lde
325 3296 451 3377 quoties
465 3295 567 3360 reficit
580 3294 707 3379 gelidus
723 3295 877 3379 Digentia
890 3294 989 3373 rivus,

256 3393 367 3461 Quem
383 3395 538 3459 Mandela
552 3396 639 3476 bibit,
655 3414 793 3479 rugosus
807 3394 921 3477 frigore
935 3410 1050 3476 pagus,
1214 3390 1275 3455 10⁵

256 3490 349 3561 Quid
363 3494 480 3557 sentire
494 3504 599 3578 putas,
615 3494 695 3577 quid
709 3493 822 3573 credis,
838 3493 950 3573 amice,
967 3487 1113 3575 precarii

256 3589 306 3654 Sit
319 3591 409 3670 mihi,
425 3594 513 3673 quod
527 3613 617 3658 uunc
630 3605 687 3676 est,
702 3594 802 3658 etiam
816 3593 935 3673 minus,
949 3589 1077 3655 etmihi
1091 3587 1205 3652 vivam

316 3814 359 3869 st.
375 3826 483 3879 metuetr
499 3828 599 3893 metuat.
666 3822 707 3872 911.
726 3831 826 3885 tepores.
893 3821 934 3873 98.
952 3820 1037 3871 the.
1104 3815 1215 3871 91111.
