2842 4342
511 355 671 406 amnne
720 356 828 407 snt
1014 348 1021 365 “
1111 332 1182 412 lte

162 514 304 580 Naribus
318 513 437 577 horum
449 511 643 594 hominum;
665 511 762 576 rideri
776 513 876 595 possit
888 530 936 594 eo,
951 513 1040 596 quod
1139 512 1183 577 30

163 612 330 678 Rusticim
345 610 665 693 toneotogadelluit,
680 611 926 675 etmalelaxus
1295 600 1297 603 ’

162 714 203 777 ln
217 711 299 796 pede
313 711 444 775 calceata
458 709 589 774 haeret:
611 719 646 773 at
660 720 710 773 est
724 712 838 791 bonus,
853 721 891 774 ut
904 711 1016 775 melior
1029 712 1079 775 vir

163 811 238 875 Non
253 809 537 901 aliusquisquam,
555 819 590 872 at
603 809 661 873 tibi
675 809 811 890 amium,
823 819 858 872 at
871 810 1040 892 ingenium
1053 810 1170 894 ingens

164 911 293 973 Inculto
308 909 386 973 latet
400 910 464 972 hoc
478 909 541 973 sub
554 928 692 991 corpore.
738 909 889 991 Denique
904 918 936 971 te
951 909 1059 992 ipsum

164 1010 321 1088 Gonetue,
335 1027 419 1072 num
433 1026 500 1090 qua
514 1007 571 1071 tibi
585 1008 739 1071 vitiorum
753 1007 906 1072 inseverit
920 1008 998 1072 olim
1143 1006 1186 1073 35

165 1107 293 1171 Natura
306 1116 365 1171 aut
378 1107 478 1170 etiam
488 1106 689 1170 consuetudo
702 1106 810 1187 mala3
833 1125 977 1190 namque

165 1206 330 1289 Neglectis
344 1205 469 1271 urenda
483 1205 555 1269 filix
569 1206 750 1270 innascitur
763 1207 858 1290 agris.

82 1356 87 1361 .
165 1306 251 1371 Illuc
265 1314 514 1389 praevertemur,
529 1316 708 1370 amatorem
723 1306 812 1389 quod
827 1307 951 1370 amicae

165 1405 295 1488 Turpia
308 1405 475 1488 decipiunt
488 1424 625 1469 caecum
639 1406 728 1486 vitia,
744 1416 802 1469 aut
816 1407 915 1469 etiam
929 1407 1000 1489 ipsa
1014 1406 1097 1470 haec

167 1505 348 1586 Delectant,
364 1505 466 1568 veluti
480 1505 657 1569 Balbinum
670 1505 810 1588 polypus
824 1506 971 1588 Hagnae.
1145 1503 1189 1568 tu

168 1604 293 1668 Vellem
306 1603 343 1667 in
357 1603 502 1668 amicitia
516 1604 563 1667 sic
577 1623 757 1668 erraremus
772 1614 804 1667 et
819 1605 872 1667 isti

169 1702 277 1767 Errori
291 1721 409 1766 nomen
424 1702 528 1766 virtus
542 1704 703 1786 posuisset
716 1704 902 1766 honestum.

167 1803 213 1865 At
226 1811 318 1884 pater
332 1811 369 1864 ut
382 1802 482 1884 gnati,
498 1802 545 1865 sic
559 1820 619 1865 uos
634 1801 792 1865 debemus
806 1800 913 1880 amici,

166 1901 205 1965 Si
218 1899 307 1982 quod
322 1901 364 1963 eit
377 1900 505 1981 vitium,
521 1919 586 1965 non
602 1900 763 1965 fastidire:
786 1901 970 1963 strabonem

167 1999 320 2082 Appellat
333 2009 467 2081 paetum
481 2010 589 2083 pater:
611 2010 645 2064 et
660 2000 799 2083 pullum,
814 1998 900 2063 male
915 2016 1036 2082 parvus
1146 1995 1190 2061 ta

167 2100 205 2164 Si
218 2100 274 2163 eui
290 2099 379 2163 lilius
392 2109 449 2179 eet,
466 2110 503 2163 ut
517 2100 683 2164 abortivus
697 2099 761 2164 fuit
774 2100 853 2163 olim

168 2199 352 2282 Sisyphus:
374 2199 464 2263 hunc
486 2217 603 2263 varum
626 2198 768 2263 distortis
781 2200 948 2263 cruribus:
970 2198 1064 2263 illurn

169 2297 317 2362 Balbutit
331 2316 484 2361 scaurum
507 2298 617 2381 pravis
631 2297 753 2362 fultmn
767 2298 853 2362 male
867 2297 950 2362 talis.

169 2397 305 2460 Parcius
319 2396 373 2460 hic
387 2396 489 2460 vivit:
512 2396 598 2480 frugi
613 2397 748 2461 dicatur.
792 2398 926 2481 Ineptus

170 2494 217 2559 Et
225 2496 399 2579 jactantior
412 2495 467 2559 hic
481 2495 592 2578 paullo
607 2497 682 2560 esti
703 2497 884 2561 concinnus
898 2496 1012 2560 amicis
1148 2493 1192 2558 60

170 2597 320 2661 Postulat
334 2606 371 2659 ut
383 2595 542 2659 videatur.
586 2597 631 2660 At
644 2605 695 2659 est
708 2596 926 2676 truculentior,
942 2604 1041 2678 atque

170 2694 250 2759 Plus
265 2713 372 2777 aepno
385 2693 482 2758 liber:
506 2694 646 2777 simplex
661 2694 1005 2777 fortisquehabeatu13

171 2793 303 2858 caldior
316 2803 386 2856 est:
408 2810 498 2857 acres
513 2794 597 2857 inter
609 2804 805 2858 numeretur.
850 2793 980 2876 Opinor,

170 2892 262 2957 Haec
276 2912 329 2956 res
343 2902 376 2955 et
384 2892 502 2976 jungit,
513 2894 644 2976 junctos
658 2903 691 2956 et
705 2903 814 2956 servat
828 2894 959 2958 amicos.
1088 2951 1090 2955 .

170 2993 214 3055 At
227 3011 290 3056 nos
303 2992 439 3055 virtutes
453 2992 542 3074 ipsas
556 2992 748 3057 invertimus
763 3002 861 3076 atque
1125 2990 1191 3077 Ι56

169 3090 346 3154 sincerum
359 3090 511 3172 cupimus
525 3109 586 3154 vas
600 3091 788 3155 incrustare.
831 3091 956 3156 Probus
970 3089 1045 3172 quis

170 3188 352 3254 Nobiscum
366 3188 456 3270 vivit,
470 3189 614 3254 multum
627 3190 789 3254 demissus
803 3190 919 3253 homo:
942 3187 989 3251 illi

170 3286 285 3352 Turdo
298 3306 479 3369 cognomen
498 3288 613 3372 pingui
627 3288 754 3353 damus.
798 3288 862 3352 Hic
877 3288 1087 3369 fugrtvomnea

170 3386 313 3450 Insidias
327 3385 476 3468 nullique
489 3387 578 3452 malo
591 3387 679 3452 latus
693 3388 783 3452 obdit
797 3396 953 3470 apertum,

170 3485 258 3548 Cum
272 3504 378 3567 genus
391 3486 455 3548 hoc
469 3485 551 3550 inter
564 3486 651 3551 vitae
666 3497 819 3567 versetur,
834 3485 891 3550 ubi
905 3485 988 3549 acne
1044 3470 1053 3485 ’
1150 3486 1193 3550 60

171 3582 302 3647 Invidia
315 3594 415 3666 atque
429 3584 542 3668 vigent
556 3585 613 3649 ubi
627 3586 781 3650 erimina:
804 3604 861 3669 pro
875 3586 957 3649 bene
972 3604 1053 3649 sano

174 3683 220 3746 Ae
234 3702 302 3747 non
318 3684 458 3765 meanto,
474 3683 590 3748 fictum
604 3695 816 3768 astutumque
830 3705 997 3749 vocamus.

193 3849 235 3903 15.
252 3851 445 3914 mutique
511 3854 552 3906 4⁰.
571 3853 667 3918 Agnae.
735 3854 774 3905 st.
791 3853 893 3905 multum
904 3849 1171 3907 dominicationis:
