2842 4342
507 340 680 391 mmm
729 340 837 391 &HL
1105 331 1177 402 215

149 501 230 567 Non
244 500 353 583 magis
366 497 514 579 audierit,
529 517 632 580 qnam
645 498 765 563 Fufius
778 498 886 563 ebrias
899 498 987 579 olim,

148 601 244 665 Cum
257 599 397 663 Ilionam
410 583 716 678 edormit'Oetienis
730 597 821 662 mille
835 597 1001 663 ducentis:

148 700 271 780 Mater,
286 708 318 762 ts
330 697 467 781 appello,
482 697 709 763 clamantibus.
754 697 841 761 Huic
854 716 915 780 ego
929 699 1049 783 vulgus

150 802 266 866 Errori
281 801 421 865 similem
433 807 591 863 cunctum
604 796 747 859 insanire
761 794 891 860 docebo.

151 902 284 966 lnssnit
297 912 421 965 veteres
435 906 560 962 statuas
574 895 797 978 Damusippns
810 895 966 960 emendo:

152 1002 286 1084 integer
298 1010 348 1063 est
361 998 480 1062 mentis
493 995 687 1077 Damasippi
700 994 844 1058 creditor.
889 996 978 1059 Esto.
1134 998 1176 1063 65

152 1101 286 1184 Accipe,
301 1099 390 1184 quod
403 1116 576 1181 nunquam
589 1095 705 1159 reddas
720 1095 810 1176 inibi,
826 1096 854 1159 si
869 1097 927 1161 tibi
940 1096 1049 1162 dicam

152 1200 258 1263 Tune
273 1194 738 1278 insantrserissiacceperisl
759 1195 1058 1279 anmagisexcors,

153 1299 289 1382 Rejecta
303 1297 430 1381 praeda,
445 1315 547 1379 quam
560 1312 711 1378 praeseus
725 1294 906 1358 Mercurius
922 1294 1007 1360 fertl

153 1399 268 1463 Scribe
282 1397 395 1461 decern
408 1418 431 1460 a
444 1396 649 1461 Nerio-nou
663 1404 713 1457 est
727 1394 814 1475 setis,
829 1394 914 1481 adde
928 1396 1062 1460 Cicutae

155 1496 421 1562 Nodnsitabulss
435 1506 577 1575 centnm,
594 1493 947 1558 milleaddecstenns:
1132 1496 1176 1560 ⁷⁰

154 1596 302 1680 Effugiet
315 1606 426 1659 tamen
440 1596 523 1658 haec
537 1595 712 1658 sceleratus
727 1593 860 1657 vincula
874 1593 1017 1658 Proteus

155 1696 244 1759 Gnm
258 1695 363 1778 rapies
377 1695 477 1779 injus
491 1693 587 1757 malis
601 1692 760 1757 ridentem
773 1692 896 1772 alienis,

156 1796 232 1859 Fiet
253 1815 338 1878 aper,
353 1793 451 1858 modo
465 1793 545 1873 avia
559 1791 657 1856 modo
671 1810 800 1870 serrum,
816 1801 857 1871 et,
872 1810 949 1855 cmn
963 1793 1057 1873 volet,
1072 1793 1172 1857 arbor.

154 1895 191 1959 Si
205 1894 293 1958 mule
306 1913 375 1958 rem
389 1913 496 1977 gerere
510 1893 689 1971 insanient,
704 1901 816 1954 contra
829 1892 919 1970 bene,
934 1892 1025 1973 sani;

156 1993 306 2058 Putidius
320 1993 425 2057 multo
438 1994 604 2058 cerebrum
619 2002 677 2072 est,
691 1989 891 2071 mihicrede,
907 1991 1015 2054 Perilli
1131 1994 1173 2057 ts

156 2092 327 2173 Distentis,
342 2091 431 2176 quod
445 2103 481 2155 tu
496 2108 668 2174 nunquam
681 2090 851 2154 rescribere
865 2090 978 2172 possis.

154 2190 278 2255 Audire
291 2202 391 2274 atque
405 2201 515 2273 togam
524 2191 623 2274 jubeo
636 2207 835 2271 componere,
850 2189 999 2271 quisquis

154 2292 340 2355 Ambitione
355 2291 444 2355 mals
457 2301 517 2355 aut
529 2289 654 2372 argenti
668 2288 767 2371 pallet
780 2308 896 2369 amore,

152 2392 316 2473 Quisquis
331 2390 461 2454 luxurie
475 2390 598 2453 tristive
613 2388 836 2472 superstitione

152 2490 220 2554 Aut
234 2489 300 2552 alio
313 2490 432 2553 mentis
444 2489 556 2553 morbo
569 2488 671 2569 calet3
693 2487 760 2550 buc
774 2487 903 2570 propius
918 2506 980 2568 me,
1128 2489 1171 2554 80

152 2588 244 2652 Dum
259 2588 358 2652 doceo
372 2589 513 2652 insanire
525 2606 648 2667 omnes,
663 2606 722 2650 vos
735 2586 846 2650 ordine
860 2587 955 2650 edite.

152 2687 274 2751 Dnnds
287 2699 336 2751 est
350 2688 501 2752 hellebori
515 2687 620 2751 multo
633 2706 708 2769 pars
722 2688 868 2750 maxima
883 2687 1008 2768 avsris;

150 2787 271 2851 Nescio
284 2808 327 2851 an
342 2789 534 2871 Anticyram
546 2787 627 2851 ratio
641 2787 706 2850 illis
720 2785 858 2850 destinet
871 2805 1010 2850 omnem.

150 2886 294 2950 Heredes
308 2888 434 2952 Staberi
448 2907 613 2951 summam
627 2886 768 2951 incidere
782 2886 945 2969 sepulcro:

150 2984 195 3048 Ni
208 2987 257 3049 sic
271 2984 430 3068 fecissent,
445 2986 662 3070 gladiatorum
677 2987 754 3050 dare
769 2997 901 3050 centum
1124 2988 1169 3051 85

151 3084 309 3148 Damnati
325 3087 442 3169 populo
455 3089 546 3170 paria
559 3098 659 3171 atque
671 3087 808 3170 epulum
821 3086 948 3150 arbitrio
962 3087 1053 3169 Arr13

150 3184 322 3249 Frumenti
336 3198 498 3268 quantum
512 3189 605 3252 metit
618 3187 858 3252 Africa-Sive
872 3207 933 3270 ego
947 3207 1045 3270 prave

148 3283 216 3347 Seu
229 3295 324 3364 recte,
339 3286 402 3349 boc
416 3286 525 3351 volui:
547 3307 588 3351 ue
602 3289 647 3351 sis
661 3298 797 3371 patruus
811 3286 901 3350 mihi.
946 3287 1051 3350 Credo

149 3382 220 3446 Hoc
234 3384 362 3449 Staberi
375 3385 568 3468 prudentem
582 3388 731 3452 animum
746 3386 1013 3457 vidisse-Quid
1027 3407 1103 3471 ergo

148 3482 265 3565 sensit,
280 3502 359 3548 cum
374 3504 540 3551 summam
554 3489 727 3571 patrimout
741 3487 920 3570 insculpere
936 3506 1017 3551 saxo
1123 3490 1167 3554 90

148 3580 292 3646 Heredes
305 3583 599 3658 volutet-Quoad
614 3588 706 3668 vixit,
721 3587 857 3652 credidit
870 3588 984 3672 ingens

147 3680 341 3766 Pauperiem
355 3684 473 3751 vitium
486 3697 519 3750 et
532 3687 621 3751 cavit
633 3687 716 3752 nihil
730 3687 845 3769 acrius,
860 3700 905 3769 ut,
922 3688 950 3752 si
