2842 4342
475 377 586 429 mma
610 378 660 428 Ν.
710 379 741 429 o.
766 380 817 431 rv.
1086 362 1156 434 119

266 537 398 615 Romae,
413 534 567 617 principis
581 535 720 615 urbium,

309 635 473 718 Dignatur
486 632 611 696 soboles
625 633 708 697 inter
723 633 881 698 amabiles

267 733 388 798 Vatum
401 750 519 815 ponere
533 750 586 795 me
600 732 724 812 choros,
1118 733 1158 798 15

307 832 355 896 Et
362 833 434 916 jam
448 829 544 894 dente
557 831 668 895 minus
683 830 829 895 mordeor
842 830 961 895 invido.

268 931 298 997 0
313 929 483 994 testudinis
498 948 615 993 aureae

310 1029 451 1094 Duloem
465 1048 550 1111 quae
565 1029 742 1112 strepitum,
758 1029 851 1110 Pieri,
867 1039 1032 1114 temperas,

269 1128 299 1194 Ο
313 1129 413 1192 mutis
426 1147 556 1210 quoque
574 1128 717 1211 piscibus

311 1228 478 1291 Donatum
492 1228 600 1309 cycni,
617 1228 644 1290 si
658 1227 765 1308 libeat,
780 1246 906 1308 sonum,
1118 1227 1162 1292 20

268 1325 394 1389 Totum
406 1325 550 1389 muneris
564 1326 627 1389 hoo
642 1325 691 1389 tui
705 1336 762 1406 est,

311 1422 412 1495 Quod
425 1432 583 1486 monstror
596 1422 696 1506 digito
709 1424 984 1507 praetereuntium

270 1521 437 1586 Romanae
452 1520 571 1585 fidicen
586 1522 693 1604 lyrae:

312 1620 413 1691 Quod
426 1619 511 1702 spiro
525 1630 558 1684 ot
571 1621 692 1704 placeo,
708 1621 737 1683 si
751 1620 871 1704 placeo,
887 1630 983 1684 tuum
997 1630 1055 1683 est

593 1916 742 1963 --Q

523 2190 703 2253 GARMEN
733 2189 792 2251 IV.

409 2386 469 2430 AD
506 2387 674 2431 URBEM
712 2387 901 2432 ROMAE.

316 2554 459 2632 oniam
473 2538 657 2627 animm
671 2546 819 2627 simma
832 2538 950 2643 suala

317 2654 381 2723 citi
394 2663 451 2723 rex
466 2656 600 2725 dboru'm
613 2666 750 2744 regnum
764 2654 801 2725 in
814 2650 892 2725 lter
906 2654 1009 2744 uagas

360 2747 516 2840 permen,
531 2758 683 2842 sapam
698 2750 829 2824 finalem

400 2859 421 2926 J
422 2840 573 2943 uplte⁹r³1b
587 2847 788 2945 Ganblriedb'
796 2848 891 2940 flavo,

318 3054 407 3119 Olim
416 3058 571 3140 juventas
585 3067 618 3121 et
632 3059 755 3140 patrius
769 3058 861 3141 vigor

318 3152 403 3217 Nido
417 3155 564 3219 laborum
578 3157 718 3239 propulit
731 3158 880 3237 inscium,

361 3251 521 3337 Vemique
531 3256 601 3339 jam
615 3256 734 3320 nimbis
749 3255 877 3320 remotis

402 3353 553 3417 Insolitos
568 3352 704 3418 docuere
718 3355 810 3418 nisus

320 3546 414 3613 Venti
429 3561 610 3633 paventem,
626 3571 703 3616 mox
719 3553 753 3616 in
768 3552 867 3617 ovilia

321 3646 458 3712 Demisit
470 3650 597 3715 hostem
611 3651 742 3715 vividus
756 3652 904 3735 impetus,
1125 3647 1167 3712 10

529 3848 797 3910 leffimma
