2842 4342
488 386 678 463 'mnan
728 389 854 442 ama
1119 380 1190 453 261

170 544 356 628 adspersus
369 542 457 607 volet
471 542 505 605 in
518 562 669 627 caupona
684 546 811 629 vivere3
835 567 903 630 nee,
918 553 975 635 qni

171 643 293 727 Frigus
306 641 443 726 collegit,
458 641 569 707 fumos
584 653 616 707 et
629 644 747 709 balnea
761 645 882 728 mutiat,

172 743 219 809 Ut
232 742 430 807 fortunatam
444 740 537 826 piene
552 745 748 826 praestantia
761 746 873 810 vitam

171 842 251 922 Nec,
266 842 295 906 ai
310 852 341 905 te
355 840 484 906 validus
493 843 663 926 jactaverit
677 844 796 908 Auster
810 846 844 909 in
859 846 933 928 alto,
1149 852 1190 915 15

172 939 296 1005 Idcirco
309 960 430 1004 navem
444 952 533 1006 trans
547 942 695 1025 Aegeum
709 961 798 1007 mare
812 945 946 1009 vendas.

171 1039 333 1103 Incolumi
347 1038 481 1104 Rhodos
494 1050 527 1104 at
541 1040 699 1123 Mitylene
713 1041 849 1124 pulchra
864 1042 950 1125 facit,
966 1043 1053 1127 quod

172 1137 320 1202 Paenula
334 1137 476 1219 solstitio,
490 1149 669 1221 campestra
683 1140 847 1205 nivalibus
861 1143 958 1224 auris,

170 1238 236 1302 Per
247 1238 398 1302 brumam
414 1237 548 1318 Tiberis,
563 1237 679 1303 Sextili
692 1258 805 1305 mense
819 1241 977 1306 samium.

171 1336 265 1401 Dum
279 1336 360 1417 lieet,
376 1357 416 1401 ae
430 1337 561 1402 vultum
575 1348 682 1402 servat
695 1339 841 1404 Fortuna
854 1341 1041 1424 benignum,
1146 1342 1190 1407 20

171 1434 296 1499 Romae
310 1434 460 1500 laudetur
473 1437 590 1519 Samos
603 1446 635 1501 et
650 1437 749 1502 Chios
763 1449 796 1503 et
808 1438 941 1504 Rhodos
955 1442 1082 1505 absens.

171 1534 239 1615 Tu,
255 1554 485 1618 quamcunque
499 1534 581 1600 deus
595 1536 653 1600 tibi
666 1536 877 1602 fortunaverit
889 1539 1012 1619 horam,

172 1634 274 1698 Grata
287 1653 379 1698 suma
394 1653 505 1715 manu,
519 1653 585 1699 neu
599 1634 710 1700 dulcia
723 1635 816 1700 differ
829 1637 864 1700 in
878 1656 1023 1720 annum;

172 1732 227 1812 Ut,
241 1751 436 1816 quocunque
450 1733 521 1798 loco
535 1733 641 1816 fueris,
657 1734 779 1799 vianae
793 1734 928 1799 libenter

171 1831 227 1896 'I'e
240 1831 349 1896 dicas:
371 1833 492 1898 namsi
506 1834 587 1898 ratio
600 1844 633 1898 et
645 1833 818 1918 prudentia
830 1853 934 1913 curas,
1144 1835 1187 1900 25

171 1930 249 1995 Non
262 1931 361 2013 locus,
377 1932 471 1997 effusi
485 1932 549 1997 late
562 1933 662 1998 maris
676 1933 801 2013 arbiter,
816 1931 938 1997 aufert:

171 2029 318 2112 Ocelum,
332 2050 399 2096 non
413 2032 570 2113 animum,
584 2042 723 2113 mutant,
738 2032 796 2115 qui
810 2042 899 2096 trans
913 2051 1002 2095 mare
1015 2042 1158 2098 currunt

171 2130 313 2195 stream
326 2150 387 2195 noa
400 2142 528 2196 exercet
541 2132 673 2197 inertia:
695 2132 836 2197 navibus
851 2141 949 2215 atque

170 2229 351 2314 Quadrigis
364 2232 504 2315 petimus
519 2231 600 2296 bene
614 2232 731 2297 vivere.
774 2230 876 2303 Quod
890 2232 980 2315 petis,
996 2231 1050 2297 hia
1064 2241 1122 2313 est,

171 2328 387 2411 EstUlubria
402 2331 701 2397 animussitenon
715 2331 971 2415 deficitaequus.
1145 2330 1189 2397 Ἦ)

524 2873 739 2937 EPISTOLA
766 2871 842 2933 ΧΠ.

557 3072 610 3115 ΔΙ)
638 3070 807 3145 locutas.

216 3249 391 3315 chtibus
404 3250 565 3333 Agrippae
579 3248 707 3329 Siculis,
723 3266 805 3331 quos
819 3244 953 3328 colligis,
968 3244 1044 3324 leci,

174 3349 210 3413 Si
224 3359 310 3413 recte
323 3347 445 3430 fruens,
460 3369 528 3413 non
541 3359 599 3429 est,
614 3360 651 3413 ut
664 3342 757 3430 copia
772 3348 872 3430 major

176 3448 228 3511 Ab
241 3447 324 3511 Jove
338 3447 451 3511 donari
464 3448 564 3530 possit
579 3448 646 3512 tibi.
689 3445 786 3510 'l'olle
801 3441 966 3526 querelas:

175 3545 304 3629 Pauper
317 3546 406 3609 enim
420 3565 487 3611 non
501 3556 558 3626 est,
573 3546 627 3610 cui
641 3563 748 3609 rerum
763 3542 903 3626 suppetit
917 3560 1006 3605 usus.

176 3645 212 3710 Si
226 3645 332 3709 ventri
346 3646 436 3726 bene,
452 3647 480 3710 si
494 3645 585 3710 lateri
599 3656 649 3709 est
662 3643 862 3727 pedibusque
877 3641 950 3722 tuis,
965 3640 1012 3705 nii
1172 3636 1193 3699 ὅ

178 3743 321 3808 Divitiae
334 3755 484 3828 potentat
497 3744 621 3829 rogales
634 3744 752 3808 addere
766 3744 880 3827 majus.

178 3840 216 3908 Si
228 3840 309 3907 sorte
332 3843 368 3907 in
381 3842 489 3909 medio
502 3844 676 3927 positorum
691 3841 876 3923 abstemius,
891 3838 999 3903 herbis
