2842 4342
230 342 301 411 232
630 355 843 407 sumeretne

231 515 368 594 Dixeris,
384 513 542 596 Experiar
551 513 641 594 3-si
656 514 714 593 vis,
729 523 827 595 potes,
842 510 934 575 addit
946 521 979 574 ct
993 512 1100 576 instat

228 614 393 697 Septimus
406 621 522 675 octavo
536 611 660 694 propior
670 613 741 695 jam
755 610 873 693 fugerit
886 628 1004 691 annus,
1204 610 1247 676 40

230 713 285 778 Ex
299 731 365 795 quo
379 712 553 775 Maecenas
567 730 620 773 me
634 711 739 793 coepit
751 711 869 774 habere
883 728 1016 773 suorum

229 813 269 877 In
284 829 437 893 numero3
460 810 635 873 dumtaxat
648 809 776 889 adhoc,
792 829 889 892 quem
904 808 1012 872 tollere
1026 809 1129 872 rheda

230 911 334 975 Vellet
349 910 551 991 iterfaciens,
566 920 598 973 et
611 910 666 973 cui
680 909 870 973 concredere
884 928 991 992 nugas

230 1011 302 1075 Hoc
317 1030 435 1093 genus:
450 1010 541 1073 Hora
551 1019 649 1091 quota
658 1010 728 1072 esti
758 1009 872 1073 Threx
881 1019 931 1072 est
939 1008 1069 1072 Gallina
1077 1009 1161 1092 Syro
1170 1008 1247 1091 pari
1282 1038 1288 1050 ·
1401 1066 1403 1073 .

233 1110 397 1173 Matutine
411 1127 527 1190 parum
541 1117 654 1170 cautos
663 1110 734 1191 jam
748 1107 865 1190 frigora
879 1106 1043 1190 mordent;
1207 1108 1248 1171 45

232 1208 278 1271 Et
291 1226 377 1290 quae
391 1208 509 1270 rimosa
523 1207 605 1270 bene
620 1206 827 1289 deponuntur
840 1207 874 1270 in
889 1226 976 1270 aure.

233 1306 294 1371 Per
309 1315 412 1369 totum
426 1306 488 1369 hoc
503 1315 631 1388 tempus
646 1306 816 1390 subjectior
830 1306 864 1368 in
878 1304 966 1369 diem
980 1315 1012 1369 et
1026 1305 1141 1369 horam

232 1404 399 1470 Invidiae:
420 1415 528 1468 noster
541 1404 636 1468 ludos
650 1413 850 1488 spectaverat
865 1424 943 1488 una,

90 1576 95 1586 ,
233 1505 372 1569 Luserat
384 1505 419 1567 in
432 1523 567 1587 campo:
589 1503 753 1568 Fortunae
768 1504 874 1568 filius!
897 1522 1018 1567 omnes.

234 1604 421 1687 Frigidusa
436 1604 559 1667 Rostris
574 1614 687 1667 manat
701 1623 757 1686 per
769 1605 910 1687 compita
924 1622 1049 1666 mmor:
1210 1604 1251 1667 50

234 1705 434 1786 Quicunque
448 1702 564 1767 obvius
578 1713 635 1785 est,
650 1722 704 1767 me
718 1702 876 1766 consulit:
900 1703 930 1767 0
945 1703 1035 1783 bone,
1051 1722 1132 1766 nam
1146 1715 1178 1765 te

234 1804 332 1884 Scire,
346 1802 424 1867 deos
437 1803 594 1885 quoniam
607 1804 738 1886 propius
751 1804 921 1885 contingis,
936 1813 1075 1886 oportet3

234 1904 325 1968 Num
338 1901 417 1985 quid
431 1901 472 1965 de
486 1903 588 1966 Dacis
602 1902 723 1967 audisti
731 1903 845 1967 t-Nil
859 1902 1111 1985 equidem-Ut
1126 1912 1162 1966 tu

235 2003 369 2085 Semper
382 2001 444 2065 eris
458 2000 578 2065 derisor
588 2003 684 2065 t-At
697 2021 810 2065 omnes
824 2001 859 2065 dl
873 2003 1038 2085 exagitent
1052 2021 1114 2081 me,

234 2101 270 2165 Si
284 2099 634 2183 quidquam-Quid?
654 2101 812 2165 militibus
826 2102 983 2184 promissa
997 2102 1172 2184 Triquetra
1210 2102 1252 2166 55

236 2198 372 2263 Praedia
386 2201 516 2281 Caesar,
532 2220 576 2265 an
590 2210 640 2264 est
653 2201 737 2265 Itala
752 2201 865 2265 tellure
879 2200 1083 2265 daturusl-

235 2296 405 2363 Jurantem
420 2317 473 2361 me
487 2300 568 2362 scire
581 2300 672 2381 nihil,
687 2299 857 2380 mirantur,
871 2311 909 2364 ut
922 2319 1029 2364 unum

227 2396 365 2461 .Scilicet
380 2398 499 2481 egregii
513 2398 682 2463 mortalem
696 2399 818 2483 altique
833 2399 949 2463 silentt

235 2494 383 2559 Perditur
396 2495 478 2560 haec
492 2497 704 2562 intermisero
718 2497 788 2579 lux,
803 2517 869 2562 non
884 2500 954 2562 sine
968 2499 1069 2562 votis:

235 2594 265 2660 Ο
280 2595 355 2658 rus!
378 2596 511 2677 quando
524 2616 584 2678 ego
598 2607 629 2661 te
644 2596 831 2680 adspiciam,
847 2598 1042 2681 quaudoque
1065 2597 1183 2677 licebit,
1212 2597 1254 2661 6]

236 2692 333 2756 Nunc
347 2703 494 2758 vetemm
508 2695 604 2776 libris,
620 2714 709 2759 nunc
724 2715 838 2760 somno
852 2706 885 2760 ct
898 2697 1053 2761 inertibus
1066 2696 1156 2760 horis

235 2791 362 2855 Ducere
377 2792 532 2861 sollicitae
543 2793 691 2878 jucunda
704 2794 825 2859 oblivia
839 2795 950 2859 vitae?

236 2890 266 2954 0
280 2890 413 2972 quaudo
428 2892 504 2957 faba
518 2893 722 2977 Pythagorae
736 2905 875 2977 cognata
890 2895 1052 2977 simulque

235 2989 344 3055 Uncta
358 2991 436 3054 satis
450 2991 563 3075 pingui
578 3002 739 3075 ponentur
752 2993 900 3058 oluscula
914 2993 1030 3057 lardo?

236 3089 266 3152 Ο
281 3100 391 3154 noctes
405 3109 590 3173 coenaeque
604 3091 720 3157 dedm!
743 3094 862 3176 quibus
877 3094 945 3176 ipse
959 3094 1088 3175 meique
1211 3094 1253 3157 65

235 3189 320 3253 Ante
335 3189 435 3253 larem
449 3191 613 3273 proprium
626 3212 748 3273 vescor,
764 3212 944 3275 vernasque
958 3210 1109 3276 procaces

235 3287 339 3352 Pasco
353 3288 460 3353 libatis
474 3289 635 3374 dapibus?
678 3294 779 3356 Prout
791 3293 909 3375 cuique
923 3291 1023 3356 libido
1036 3302 1094 3372 est,

236 3386 344 3451 Siccat
357 3387 546 3471 inaequales
560 3391 678 3455 calices
692 3392 832 3455 conviva
847 3392 974 3456 solutus

236 3485 378 3568 Legibus
393 3488 525 3570 insanis,
541 3509 599 3555 seu
614 3492 688 3573 quis
702 3492 789 3574 capit
803 3492 890 3555 acria
904 3490 993 3555 fortis

282 3726 325 3777 44.
342 3725 434 3779 'ibrum
499 3732 541 3783 4&
560 3732 670 3785 Invidiae
681 3746 770 3786 noster.
804 3735 897 3794 Ludos,
909 3735 1036 3793 Orelliur
1051 3735 1202 3796 occurerit·

544 3814 586 3864 49.
604 3814 707 3866 Imoerit.
774 3818 815 3867 5⁷.
832 3819 939 3867 miretur.
