<?xml version="1.0" encoding="UTF-8"?>
<!DOCTYPE html PUBLIC "-//W3C//DTD XHTML 1.0 Transitional//EN"
    "http://www.w3.org/TR/xhtml1/DTD/xhtml1-transitional.dtd">
<html xmlns="http://www.w3.org/1999/xhtml" xml:lang="en" lang="en">
 <head>
  <title>
</title>
<meta http-equiv="Content-Type" content="text/html;charset=utf-8" />
  <meta name='ocr-system' content='tesseract 3.04.00' />
  <meta name='ocr-capabilities' content='ocr_page ocr_carea ocr_par ocr_line ocrx_word'/>
</head>
<body>
  <div class='ocr_page' id='page_1' title='image "./workshorace09horagoog_0158.png"; bbox 0 0 2842 4342; ppageno 0'>
   <div class='ocr_carea' id='block_1_1' title="bbox 648 335 850 389">
    <p class='ocr_par' dir='ltr' id='par_1_1' title="bbox 648 335 850 389">
     <span class='ocr_line' id='line_1_1' title="bbox 648 335 850 389; baseline 0 0"><span class='ocrx_word' id='word_1_1' title='bbox 648 335 850 389; x_wconf 71' lang='lat' dir='ltr'><strong>cantium</strong></span> 
     </span>
    </p>
   </div>
   <div class='ocr_carea' id='block_1_2' title="bbox 247 492 1262 1867">
    <p class='ocr_par' dir='ltr' id='par_1_2' title="bbox 247 492 1262 1867">
     <span class='ocr_line' id='line_1_2' title="bbox 372 492 825 578; baseline -0.007 -18"><span class='ocrx_word' id='word_1_2' title='bbox 372 494 465 578; x_wconf 83' lang='lat' dir='ltr'><strong>Lyde</strong></span> <span class='ocrx_word' id='word_1_3' title='bbox 479 503 612 558; x_wconf 82' lang='lat' dir='ltr'><strong>suenua</strong></span> <span class='ocrx_word' id='word_1_4' title='bbox 625 492 825 575; x_wconf 77' lang='lat' dir='ltr'><strong>Caecubum,</strong></span> 
     </span>
     <span class='ocr_line' id='line_1_3' title="bbox 414 591 1040 676; baseline 0.003 -19"><span class='ocrx_word' id='word_1_5' title='bbox 414 595 625 676; x_wconf 84' lang='lat' dir='ltr'><strong>Munitaeque</strong></span> <span class='ocrx_word' id='word_1_6' title='bbox 639 592 758 656; x_wconf 79' lang='lat' dir='ltr'><strong>adhibe</strong></span> <span class='ocrx_word' id='word_1_7' title='bbox 772 593 841 657; x_wconf 90' lang='lat' dir='ltr'><strong>vim</strong></span> <span class='ocrx_word' id='word_1_8' title='bbox 855 591 1040 676; x_wconf 79' lang='lat' dir='ltr'><strong>sapientiae.</strong></span> 
     </span>
     <span class='ocr_line' id='line_1_4' title="bbox 372 690 1262 759; baseline -0.006 -2"><span class='ocrx_word' id='word_1_9' title='bbox 372 693 531 757; x_wconf 77' lang='lat' dir='ltr'>Inclinato</span> <span class='ocrx_word' id='word_1_10' title='bbox 546 690 712 756; x_wconf 82' lang='lat' dir='ltr'><strong>meridiem</strong></span> <span class='ocrx_word' id='word_1_11' title='bbox 1240 694 1262 759; x_wconf 71' lang='lat'><strong>5</strong></span> 
     </span>
     <span class='ocr_line' id='line_1_5' title="bbox 413 789 1062 873; baseline -0.003 -17"><span class='ocrx_word' id='word_1_12' title='bbox 413 793 530 873; x_wconf 83' lang='lat' dir='ltr'><strong>Sentis,</strong></span> <span class='ocrx_word' id='word_1_13' title='bbox 546 811 593 872; x_wconf 90' lang='lat' dir='ltr'><strong>ac,</strong></span> <span class='ocrx_word' id='word_1_14' title='bbox 609 791 711 854; x_wconf 85' lang='lat' dir='ltr'><strong>veluti</strong></span> <span class='ocrx_word' id='word_1_15' title='bbox 725 800 787 855; x_wconf 80' lang='lat' dir='ltr'><strong>stet</strong></span> <span class='ocrx_word' id='word_1_16' title='bbox 800 790 940 854; x_wconf 85' lang='lat' dir='ltr'><strong>volucria</strong></span> <span class='ocrx_word' id='word_1_17' title='bbox 953 789 1030 872; x_wconf 82' lang='lat' dir='ltr'><strong>dica,</strong></span> <span class='ocrx_word' id='word_1_18' title='bbox 1048 794 1062 803; x_wconf 73' lang='grc'><strong>“</strong></span> 
     </span>
     <span class='ocr_line' id='line_1_6' title="bbox 247 890 764 974; baseline -0.008 -17"><span class='ocrx_word' id='word_1_19' title='bbox 247 952 249 957; x_wconf 92' lang='grc'>.</span> <span class='ocrx_word' id='word_1_20' title='bbox 370 893 480 956; x_wconf 82' lang='lat' dir='ltr'><strong>Parcis</strong></span> <span class='ocrx_word' id='word_1_21' title='bbox 495 892 636 974; x_wconf 84' lang='lat' dir='ltr'><strong>deripere</strong></span> <span class='ocrx_word' id='word_1_22' title='bbox 651 890 764 954; x_wconf 87' lang='lat' dir='ltr'><strong>horreo</strong></span> 
     </span>
     <span class='ocr_line' id='line_1_7' title="bbox 412 980 1099 1072; baseline 0 -17"><span class='ocrx_word' id='word_1_23' title='bbox 412 992 603 1055; x_wconf 78' lang='lat' dir='ltr'><strong>Cessantem</strong></span> <span class='ocrx_word' id='word_1_24' title='bbox 616 989 726 1054; x_wconf 91' lang='lat' dir='ltr'><strong>Bibuli</strong></span> <span class='ocrx_word' id='word_1_25' title='bbox 738 980 885 1052; x_wconf 81' lang='lat' dir='ltr'><strong>consulis</strong></span> <span class='ocrx_word' id='word_1_26' title='bbox 899 989 1099 1072; x_wconf 79' lang='lat' dir='ltr'><strong>amphoram.</strong></span> 
     </span>
     <span class='ocr_line' id='line_1_8' title="bbox 371 1087 814 1155; baseline -0.007 -1"><span class='ocrx_word' id='word_1_27' title='bbox 371 1090 440 1155; x_wconf 86' lang='lat' dir='ltr'><strong>Noc</strong></span> <span class='ocrx_word' id='word_1_28' title='bbox 453 1089 657 1153; x_wconf 83' lang='lat' dir='ltr'><strong>cantabimus</strong></span> <span class='ocrx_word' id='word_1_29' title='bbox 673 1087 814 1152; x_wconf 85' lang='lat' dir='ltr'><strong>invicem</strong></span> 
     </span>
     <span class='ocr_line' id='line_1_9' title="bbox 411 1186 1260 1271; baseline -0.001 -19"><span class='ocrx_word' id='word_1_30' title='bbox 411 1188 603 1271; x_wconf 89' lang='lat' dir='ltr'><strong>Neptunum</strong></span> <span class='ocrx_word' id='word_1_31' title='bbox 617 1197 650 1251; x_wconf 91' lang='lat' dir='ltr'><strong>et</strong></span> <span class='ocrx_word' id='word_1_32' title='bbox 663 1186 782 1250; x_wconf 80' lang='lat' dir='ltr'><strong>virides</strong></span> <span class='ocrx_word' id='word_1_33' title='bbox 796 1186 974 1252; x_wconf 89' lang='lat' dir='ltr'><strong>Nereidum</strong></span> <span class='ocrx_word' id='word_1_34' title='bbox 987 1205 1115 1252; x_wconf 75' lang='lat' dir='ltr'><strong>oomaaz</strong></span> <span class='ocrx_word' id='word_1_35' title='bbox 1219 1187 1260 1251; x_wconf 86' lang='grc'><strong>10</strong></span> 
     </span>
     <span class='ocr_line' id='line_1_10' title="bbox 371 1286 767 1369; baseline -0.01 -17"><span class='ocrx_word' id='word_1_36' title='bbox 371 1288 429 1352; x_wconf 81' lang='grc' dir='ltr'><strong>Τιι</strong></span> <span class='ocrx_word' id='word_1_37' title='bbox 442 1307 544 1352; x_wconf 87' lang='lat' dir='ltr'><strong>curva</strong></span> <span class='ocrx_word' id='word_1_38' title='bbox 557 1287 680 1351; x_wconf 82' lang='lat' dir='ltr'><strong>recines</strong></span> <span class='ocrx_word' id='word_1_39' title='bbox 694 1286 767 1369; x_wconf 88' lang='lat' dir='ltr'><strong>lyra</strong></span> 
     </span>
     <span class='ocr_line' id='line_1_11' title="bbox 411 1385 1068 1470; baseline -0.005 -19"><span class='ocrx_word' id='word_1_40' title='bbox 411 1387 572 1451; x_wconf 86' lang='lat' dir='ltr'><strong>Latonam</strong></span> <span class='ocrx_word' id='word_1_41' title='bbox 586 1397 618 1450; x_wconf 91' lang='lat' dir='ltr'><strong>et</strong></span> <span class='ocrx_word' id='word_1_42' title='bbox 631 1386 744 1450; x_wconf 85' lang='lat' dir='ltr'><strong>celeris</strong></span> <span class='ocrx_word' id='word_1_43' title='bbox 758 1385 884 1470; x_wconf 84' lang='lat' dir='ltr'><strong>apicula</strong></span> <span class='ocrx_word' id='word_1_44' title='bbox 898 1385 1068 1468; x_wconf 78' lang='lat' dir='ltr'><strong>Cynthiae,</strong></span> 
     </span>
     <span class='ocr_line' id='line_1_12' title="bbox 370 1484 917 1570; baseline -0.007 -18"><span class='ocrx_word' id='word_1_45' title='bbox 370 1487 507 1552; x_wconf 87' lang='lat' dir='ltr'><strong>Summo</strong></span> <span class='ocrx_word' id='word_1_46' title='bbox 520 1486 672 1567; x_wconf 87' lang='lat' dir='ltr'><strong>carmine,</strong></span> <span class='ocrx_word' id='word_1_47' title='bbox 687 1504 773 1570; x_wconf 90' lang='lat' dir='ltr'><strong>quae</strong></span> <span class='ocrx_word' id='word_1_48' title='bbox 789 1484 917 1549; x_wconf 80' lang='lat' dir='ltr'><strong>Cnidon</strong></span> 
     </span>
     <span class='ocr_line' id='line_1_13' title="bbox 414 1583 1132 1669; baseline -0.004 -19"><span class='ocrx_word' id='word_1_49' title='bbox 414 1586 657 1669; x_wconf 82' lang='lat' dir='ltr'><strong>Fulgentesque</strong></span> <span class='ocrx_word' id='word_1_50' title='bbox 671 1594 758 1649; x_wconf 89' lang='lat' dir='ltr'><strong>tenet</strong></span> <span class='ocrx_word' id='word_1_51' title='bbox 773 1583 936 1668; x_wconf 70' lang='lat' dir='ltr'><strong>Cycladas</strong></span> <span class='ocrx_word' id='word_1_52' title='bbox 950 1595 982 1648; x_wconf 88' lang='lat' dir='ltr'><strong>et</strong></span> <span class='ocrx_word' id='word_1_53' title='bbox 996 1583 1132 1667; x_wconf 90' lang='lat' dir='ltr'><strong>Paphon</strong></span> 
     </span>
     <span class='ocr_line' id='line_1_14' title="bbox 370 1684 1258 1767; baseline -0.003 -17"><span class='ocrx_word' id='word_1_54' title='bbox 370 1685 498 1750; x_wconf 74' lang='lat' dir='ltr'><strong>iunctis</strong></span> <span class='ocrx_word' id='word_1_55' title='bbox 512 1685 763 1767; x_wconf 81' lang='lat' dir='ltr'><strong>visitoloribus3</strong></span> <span class='ocrx_word' id='word_1_56' title='bbox 1220 1684 1258 1751; x_wconf 75' lang='lat' dir='ltr'><strong>lc</strong></span> 
     </span>
     <span class='ocr_line' id='line_1_15' title="bbox 414 1781 1030 1867; baseline 0.002 -19"><span class='ocrx_word' id='word_1_57' title='bbox 414 1784 548 1850; x_wconf 88' lang='lat' dir='ltr'><strong>Dicetur</strong></span> <span class='ocrx_word' id='word_1_58' title='bbox 560 1785 675 1849; x_wconf 88' lang='lat' dir='ltr'><strong>merita</strong></span> <span class='ocrx_word' id='word_1_59' title='bbox 689 1784 765 1849; x_wconf 87' lang='lat' dir='ltr'><strong>Nox</strong></span> <span class='ocrx_word' id='word_1_60' title='bbox 779 1801 908 1867; x_wconf 90' lang='lat' dir='ltr'><strong>quoquo</strong></span> <span class='ocrx_word' id='word_1_61' title='bbox 922 1781 1030 1849; x_wconf 86' lang='lat' dir='ltr'><strong>nenia.</strong></span> 
     </span>
    </p>
   </div>
   <div class='ocr_carea' id='block_1_3' title="bbox 695 2113 815 2129">
    <p class='ocr_par' dir='ltr' id='par_1_3' title="bbox 695 2113 815 2129">
     <span class='ocr_line' id='line_1_16' title="bbox 695 2113 815 2129; baseline 0.017 -2"><span class='ocrx_word' id='word_1_62' title='bbox 695 2113 815 2129; x_wconf 41' lang='lat' dir='ltr'>n</span> 
     </span>
    </p>
   </div>
   <div class='ocr_carea' id='block_1_4' title="bbox 587 2341 915 2445">
    <p class='ocr_par' dir='ltr' id='par_1_4' title="bbox 587 2341 915 2445">
     <span class='ocr_line' id='line_1_17' title="bbox 587 2341 915 2445; baseline 0.003 0"><span class='ocrx_word' id='word_1_63' title='bbox 587 2381 768 2445; x_wconf 76' lang='lat' dir='ltr'><strong>cauum</strong></span> <span class='ocrx_word' id='word_1_64' title='bbox 794 2341 915 2445; x_wconf 74' lang='lat' dir='ltr'><strong>xm</strong></span> 
     </span>
    </p>
   </div>
   <div class='ocr_carea' id='block_1_5' title="bbox 548 2595 952 2642">
    <p class='ocr_par' dir='ltr' id='par_1_5' title="bbox 548 2595 952 2642">
     <span class='ocr_line' id='line_1_18' title="bbox 548 2595 952 2642; baseline 0.007 -4"><span class='ocrx_word' id='word_1_65' title='bbox 548 2595 602 2639; x_wconf 80' lang='lat' dir='ltr'><strong>AD</strong></span> <span class='ocrx_word' id='word_1_66' title='bbox 635 2596 952 2642; x_wconf 63' lang='lat' dir='ltr'><strong>mandanarum.</strong></span> 
     </span>
    </p>
   </div>
   <div class='ocr_carea' id='block_1_6' title="bbox 369 2785 1007 3170">
    <p class='ocr_par' dir='ltr' id='par_1_6' title="bbox 369 2785 938 2872">
     <span class='ocr_line' id='line_1_19' title="bbox 369 2785 938 2872; baseline 0 -21"><span class='ocrx_word' id='word_1_67' title='bbox 369 2785 543 2869; x_wconf 80' lang='lat' dir='ltr'><strong>Tyrrhena</strong></span> <span class='ocrx_word' id='word_1_68' title='bbox 557 2807 672 2871; x_wconf 86' lang='lat' dir='ltr'><strong>regum</strong></span> <span class='ocrx_word' id='word_1_69' title='bbox 689 2789 865 2872; x_wconf 80' lang='lat' dir='ltr'><strong>progenies,</strong></span> <span class='ocrx_word' id='word_1_70' title='bbox 880 2788 938 2852; x_wconf 92' lang='lat' dir='ltr'><strong>tibi</strong></span> 
     </span>
    </p>

    <p class='ocr_par' dir='ltr' id='par_1_7' title="bbox 369 2885 1007 3068">
     <span class='ocr_line' id='line_1_20' title="bbox 369 2885 962 2952; baseline 0.002 -3"><span class='ocrx_word' id='word_1_71' title='bbox 369 2885 443 2950; x_wconf 93' lang='lat' dir='ltr'><strong>Non</strong></span> <span class='ocrx_word' id='word_1_72' title='bbox 458 2896 533 2951; x_wconf 87' lang='lat' dir='ltr'><strong>ante</strong></span> <span class='ocrx_word' id='word_1_73' title='bbox 547 2906 639 2951; x_wconf 84' lang='lat' dir='ltr'><strong>verso</strong></span> <span class='ocrx_word' id='word_1_74' title='bbox 654 2887 726 2952; x_wconf 90' lang='lat' dir='ltr'><strong>lene</strong></span> <span class='ocrx_word' id='word_1_75' title='bbox 740 2908 866 2952; x_wconf 88' lang='lat' dir='ltr'><strong>merum</strong></span> <span class='ocrx_word' id='word_1_76' title='bbox 880 2887 962 2951; x_wconf 89' lang='lat' dir='ltr'><strong>cado</strong></span> 
     </span>
     <span class='ocr_line' id='line_1_21' title="bbox 413 2985 1007 3068; baseline 0 -19"><span class='ocrx_word' id='word_1_77' title='bbox 413 2986 499 3050; x_wconf 82' lang='lat' dir='ltr'><strong>Cum</strong></span> <span class='ocrx_word' id='word_1_78' title='bbox 513 2985 598 3067; x_wconf 87' lang='lat' dir='ltr'><strong>flore,</strong></span> <span class='ocrx_word' id='word_1_79' title='bbox 615 2988 797 3068; x_wconf 86' lang='lat' dir='ltr'><strong>Maecenas,</strong></span> <span class='ocrx_word' id='word_1_80' title='bbox 812 3006 959 3051; x_wconf 86' lang='lat' dir='ltr'><strong>rosarum</strong></span> <span class='ocrx_word' id='word_1_81' title='bbox 974 2997 1007 3050; x_wconf 89' lang='lat' dir='ltr'><strong>et</strong></span> 
     </span>
    </p>

    <p class='ocr_par' dir='ltr' id='par_1_8' title="bbox 453 3085 942 3170">
     <span class='ocr_line' id='line_1_22' title="bbox 453 3085 942 3170; baseline 0.002 -21"><span class='ocrx_word' id='word_1_82' title='bbox 453 3085 569 3149; x_wconf 83' lang='lat' dir='ltr'><strong>Pressa</strong></span> <span class='ocrx_word' id='word_1_83' title='bbox 582 3087 648 3149; x_wconf 87' lang='lat' dir='ltr'><strong>tuis</strong></span> <span class='ocrx_word' id='word_1_84' title='bbox 662 3086 802 3150; x_wconf 82' lang='lat' dir='ltr'><strong>balanus</strong></span> <span class='ocrx_word' id='word_1_85' title='bbox 816 3087 942 3170; x_wconf 74' lang='lat' dir='ltr'><strong>capillis</strong></span> 
     </span>
    </p>
   </div>
   <div class='ocr_carea' id='block_1_7' title="bbox 370 3295 1261 3679">
    <p class='ocr_par' dir='ltr' id='par_1_9' title="bbox 370 3295 1261 3679">
     <span class='ocr_line' id='line_1_23' title="bbox 370 3295 1261 3381; baseline 0.001 -20"><span class='ocrx_word' id='word_1_86' title='bbox 370 3296 573 3361; x_wconf 79' lang='lat' dir='ltr'><strong>iamdudum</strong></span> <span class='ocrx_word' id='word_1_87' title='bbox 586 3295 675 3379; x_wconf 92' lang='lat' dir='ltr'><strong>apud</strong></span> <span class='ocrx_word' id='word_1_88' title='bbox 688 3314 742 3360; x_wconf 87' lang='lat' dir='ltr'><strong>me</strong></span> <span class='ocrx_word' id='word_1_89' title='bbox 757 3307 813 3359; x_wconf 81' lang='lat' dir='ltr'><strong>eat.</strong></span> <span class='ocrx_word' id='word_1_90' title='bbox 858 3297 956 3380; x_wconf 87' lang='lat' dir='ltr'><strong>Eripe</strong></span> <span class='ocrx_word' id='word_1_91' title='bbox 970 3307 1002 3361; x_wconf 88' lang='lat' dir='ltr'><strong>tc</strong></span> <span class='ocrx_word' id='word_1_92' title='bbox 1016 3317 1133 3381; x_wconf 87' lang='lat' dir='ltr'><strong>morae,</strong></span> <span class='ocrx_word' id='word_1_93' title='bbox 1239 3300 1261 3362; x_wconf 82' lang='lat'><strong>5</strong></span> 
     </span>
     <span class='ocr_line' id='line_1_24' title="bbox 371 3393 1022 3479; baseline 0.006 -22"><span class='ocrx_word' id='word_1_94' title='bbox 371 3393 441 3458; x_wconf 88' lang='lat' dir='ltr'><strong>Nec</strong></span> <span class='ocrx_word' id='word_1_95' title='bbox 455 3415 581 3479; x_wconf 85' lang='lat' dir='ltr'><strong>semper</strong></span> <span class='ocrx_word' id='word_1_96' title='bbox 594 3394 698 3460; x_wconf 91' lang='lat' dir='ltr'><strong>udum</strong></span> <span class='ocrx_word' id='word_1_97' title='bbox 713 3395 820 3460; x_wconf 81' lang='lat' dir='ltr'><strong>Tibur</strong></span> <span class='ocrx_word' id='word_1_98' title='bbox 833 3406 866 3460; x_wconf 86' lang='lat' dir='ltr'><strong>et</strong></span> <span class='ocrx_word' id='word_1_99' title='bbox 880 3396 1022 3461; x_wconf 83' lang='lat' dir='ltr'><strong>Aeculac</strong></span> 
     </span>
     <span class='ocr_line' id='line_1_25' title="bbox 412 3493 959 3579; baseline 0.007 -22"><span class='ocrx_word' id='word_1_100' title='bbox 412 3493 545 3558; x_wconf 86' lang='lat' dir='ltr'><strong>Declive</strong></span> <span class='ocrx_word' id='word_1_101' title='bbox 559 3495 781 3579; x_wconf 77' lang='lat' dir='ltr'><strong>contempleris</strong></span> <span class='ocrx_word' id='word_1_102' title='bbox 795 3514 912 3561; x_wconf 89' lang='lat' dir='ltr'><strong>arvum</strong></span> <span class='ocrx_word' id='word_1_103' title='bbox 926 3504 959 3561; x_wconf 88' lang='lat' dir='ltr'><strong>et</strong></span> 
     </span>
     <span class='ocr_line' id='line_1_26' title="bbox 456 3592 904 3679; baseline 0.007 -22"><span class='ocrx_word' id='word_1_104' title='bbox 456 3592 615 3676; x_wconf 81' lang='lat' dir='ltr'><strong>Telegoni</strong></span> <span class='ocrx_word' id='word_1_105' title='bbox 624 3597 707 3679; x_wconf 82' lang='lat' dir='ltr'><strong>juga</strong></span> <span class='ocrx_word' id='word_1_106' title='bbox 720 3595 904 3678; x_wconf 85' lang='lat' dir='ltr'><strong>parricidae.</strong></span> 
     </span>
    </p>
   </div>
   <div class='ocr_carea' id='block_1_8' title="bbox 499 3803 996 3868">
    <p class='ocr_par' dir='ltr' id='par_1_10' title="bbox 499 3803 996 3868">
     <span class='ocr_line' id='line_1_27' title="bbox 499 3803 996 3868; baseline 0.012 -13"><span class='ocrx_word' id='word_1_107' title='bbox 499 3803 527 3855; x_wconf 80' lang='grc'><strong>0.</strong></span> <span class='ocrx_word' id='word_1_108' title='bbox 537 3805 605 3855; x_wconf 70' lang='lat' dir='ltr'><strong>nia</strong></span> <span class='ocrx_word' id='word_1_109' title='bbox 617 3806 643 3864; x_wconf 80' lang='lat'><strong>⁵,</strong></span> <span class='ocrx_word' id='word_1_110' title='bbox 654 3806 677 3856; x_wconf 82' lang='grc'><strong>6.</strong></span> <span class='ocrx_word' id='word_1_111' title='bbox 694 3821 796 3868; x_wconf 60' lang='lat' dir='ltr'><strong>moran</strong></span> <span class='ocrx_word' id='word_1_112' title='bbox 812 3807 874 3867; x_wconf 69' lang='lat' dir='ltr'><strong>No,</strong></span> <span class='ocrx_word' id='word_1_113' title='bbox 886 3808 996 3861; x_wconf 62' lang='lat' dir='ltr'><strong>orabas</strong></span> 
     </span>
    </p>
   </div>
   <div class='ocr_carea' id='block_1_9' title="bbox 0 0 1426 4342">
    <p class='ocr_par' dir='ltr' id='par_1_11' title="bbox 0 0 1426 4342">
     <span class='ocr_line' id='line_1_28' title="bbox 0 0 1426 4342; baseline 0 0"><span class='ocrx_word' id='word_1_114' title='bbox 0 0 1426 4342; x_wconf 95' lang='lat' dir='ltr'><strong> </strong></span> 
     </span>
    </p>
   </div>
  </div>
 </body>
</html>
