2842 4342
267 320 340 392 160
468 288 475 297 ’
701 335 846 388 saonen

306 495 362 560 Sic
375 494 505 577 placet?
526 511 571 557 an
585 492 702 556 melius
713 493 788 575 quis
798 493 897 556 habet
912 494 1072 559 suaderel
1107 496 1262 562 Secunda

347 593 465 657 Ratem
479 611 635 674 occupare
650 591 729 673 quid
745 610 909 656 moramur
922 593 1025 658 elite'l

182 762 197 783 ,
306 691 372 758 Sed
381 694 529 777 juremus
543 692 578 755 in
592 692 692 755 haec:
716 691 814 754 simul
829 692 902 754 imis
917 712 1000 756 saxa
1013 694 1156 759 renarint
1238 696 1280 761 26

183 846 190 859 .
268 834 275 844 -
351 791 448 856 Vadis
463 791 579 872 levata,
595 810 636 854 ne
651 791 752 855 redire
768 792 810 855 sit
823 791 933 874 nefas3

306 892 380 956 Neu
394 911 550 980 conpersa
564 889 699 955 domum
713 891 822 974 pigeat
835 892 913 956 dare
928 892 1035 974 lintea,
1051 893 1183 976 quando

347 990 458 1054 Padus
472 990 600 1053 Matina
613 989 728 1052 laverit
740 991 923 1071 cacumina,

305 1091 343 1154 ln
359 1108 447 1152 mare
461 1107 521 1152 seu
534 1088 640 1151 celsus
654 1089 843 1170 procurrerit
856 1090 1060 1173 Apenninus,

347 1176 507 1271 Novaque
521 1197 665 1251 monstra
673 1188 819 1271 junxerit
833 1188 965 1253 libidine
1237 1190 1281 1255 30

305 1289 407 1352 Mirus
422 1306 520 1367 amor,
530 1288 625 1370 juvet
641 1296 678 1350 ut
692 1287 789 1370 tigres
804 1287 968 1351 subsidere
983 1289 1097 1370 cervis,

346 1386 553 1452 Adulteretur
566 1396 599 1450 et
612 1385 765 1450 columba
778 1386 888 1467 miluo,

305 1484 446 1550 Credula
459 1502 520 1548 nec
535 1504 629 1548 ravos
644 1485 780 1548 timeant
794 1495 941 1549 armenta
954 1485 1073 1567 leones,

344 1585 505 1666 Ametque
522 1583 609 1646 salsa
624 1582 705 1647 levis
719 1583 829 1647 hircus
844 1603 993 1666 aequora

304 1683 402 1764 Haec,
418 1694 450 1747 et
463 1702 549 1767 quae
563 1692 714 1765 poterunt
727 1682 849 1747 reditus
863 1683 1050 1749 abscindere
1064 1683 1185 1765 dulces,
1236 1684 1278 1750 35

345 1783 472 1847 Eamus
486 1782 591 1845 omnis
605 1793 771 1845 exsecrata
784 1782 909 1864 civitas,

303 1885 371 1948 Aut
385 1902 459 1966 pars
473 1881 604 1946 indocili
618 1880 730 1945 melior
746 1900 841 1964 grege
854 1902 861 1963 ς
884 1881 992 1946 mollis
1005 1892 1038 1945 et
1052 1900 1169 1965 exspes

345 1982 530 2046 lnominata
543 1980 717 2063 perprimat
729 1979 868 2044 cubilia!

303 2082 376 2161 Vos,
391 2081 510 2164 quibus
524 2089 573 2144 est
586 2081 698 2160 virtus,
713 2078 906 2144 muliebrem
920 2079 1019 2143 tollite
1034 2079 1171 2160 luctum,

344 2181 484 2244 Etrusca
498 2189 621 2263 praeter
633 2189 667 2244 et
679 2179 787 2243 volate
800 2178 902 2243 litora
1232 2178 1277 2244 40

302 2278 370 2344 Nos
385 2288 496 2342 manet
510 2278 663 2345 Oceanus
676 2278 925 2361 circumvagam
947 2296 1035 2359 arva,
1050 2277 1145 2342 beata

343 2377 498 2441 Petamus
512 2396 600 2459 arva,
614 2377 732 2442 divites
745 2387 779 2442 et
792 2375 926 2458 insulas,

302 2475 421 2541 Reddit
434 2476 492 2541 ubi
506 2477 655 2542 Cererem
670 2476 766 2541 tellus
780 2476 907 2541 inarata
921 2474 1103 2559 quotannis

343 2576 388 2640 Et
402 2578 560 2661 imputata
574 2576 666 2641 floret
680 2595 785 2659 nsque
798 2576 904 2657 aurea,

301 2677 468 2741 Germinat
481 2686 514 2741 et
528 2695 699 2759 nunquam
712 2675 854 2740 fallentis
869 2685 984 2739 termes
998 2673 1112 2755 olivae,
1230 2673 1275 2739 ts

342 2778 510 2859 Suamque
524 2775 615 2859 pulla
630 2775 713 2839 ficus
728 2786 822 2839 ornat
836 2774 989 2854 arborem,

301 2874 402 2940 Mella
414 2895 498 2939 cava
512 2887 649 2939 manant
661 2896 704 2938 ex
719 2875 800 2956 ilice,
815 2875 979 2939 montibus
993 2873 1068 2937 altis

293 2978 298 2991 '
341 2974 440 3039 Ievis
453 2985 603 3057 crepante
618 2974 755 3058 lympha
769 2973 875 3039 desilit
888 2974 979 3058 pede.

301 3073 371 3138 Illic
386 3073 527 3157 injussae
543 3074 678 3138 veniunt
692 3073 735 3137 ad
749 3074 888 3138 mulctra
900 3074 1053 3168 capellae,

341 3173 513 3255 Refertque
528 3183 616 3237 tenta
630 3193 708 3256 grex
723 3176 851 3239 amicus
865 3176 984 3257 ubera3
1231 3177 1275 3242 50

299 3274 369 3339 Nec
383 3273 583 3355 vespertinus
597 3274 822 3356 circumgemit
836 3293 932 3339 ursus
945 3274 1038 3356 ovile,

340 3373 454 3455 Neque
469 3373 654 3437 intumescit
667 3372 734 3435 alta
749 3374 865 3456 viperis
879 3375 1010 3439 humus.

299 3471 461 3555 Pluraque
476 3471 586 3561 felices
601 3472 809 3537 mirabimur:
832 3483 869 3537 ut
883 3493 990 3558 neque
1005 3474 1102 3558 largis

341 3571 493 3653 aquosus
508 3570 619 3636 Eurus
634 3591 714 3636 arva
727 3571 821 3637 radat
835 3573 1001 3654 imbribus,

352 3799 394 3851 89-
411 3801 550 3863 moment
615 3798 657 3851 8³.
674 3799 984 3864 tismsnlvoemevcs.
1051 3803 1092 3855 51.
1108 3800 1174 3854 mill.
