<?xml version="1.0" encoding="UTF-8"?>
<!DOCTYPE html PUBLIC "-//W3C//DTD XHTML 1.0 Transitional//EN"
    "http://www.w3.org/TR/xhtml1/DTD/xhtml1-transitional.dtd">
<html xmlns="http://www.w3.org/1999/xhtml" xml:lang="en" lang="en">
 <head>
  <title>
</title>
<meta http-equiv="Content-Type" content="text/html;charset=utf-8" />
  <meta name='ocr-system' content='tesseract 3.04.00' />
  <meta name='ocr-capabilities' content='ocr_page ocr_carea ocr_par ocr_line ocrx_word'/>
</head>
<body>
  <div class='ocr_page' id='page_1' title='image "./workshorace09horagoog_0200.png"; bbox 0 0 2842 4342; ppageno 0'>
   <div class='ocr_carea' id='block_1_1' title="bbox 682 345 832 399">
    <p class='ocr_par' dir='ltr' id='par_1_1' title="bbox 682 345 832 399">
     <span class='ocr_line' id='line_1_1' title="bbox 682 345 832 399; baseline -0.013 1"><span class='ocrx_word' id='word_1_1' title='bbox 682 345 832 399; x_wconf 73' lang='lat' dir='ltr'>EPODOR</span> 
     </span>
    </p>
   </div>
   <div class='ocr_carea' id='block_1_2' title="bbox 616 647 889 711">
    <p class='ocr_par' dir='ltr' id='par_1_2' title="bbox 616 647 889 711">
     <span class='ocr_line' id='line_1_2' title="bbox 616 647 889 711; baseline -0.004 0"><span class='ocrx_word' id='word_1_2' title='bbox 616 647 799 711; x_wconf 78' lang='lat' dir='ltr'>OABMEN</span> <span class='ocrx_word' id='word_1_3' title='bbox 832 647 889 710; x_wconf 80' lang='lat' dir='ltr'><strong>IX</strong></span> 
     </span>
    </p>
   </div>
   <div class='ocr_carea' id='block_1_3' title="bbox 538 860 970 906">
    <p class='ocr_par' dir='ltr' id='par_1_3' title="bbox 538 860 970 906">
     <span class='ocr_line' id='line_1_3' title="bbox 538 860 970 906; baseline 0.005 -2"><span class='ocrx_word' id='word_1_4' title='bbox 538 860 594 904; x_wconf 77' lang='lat' dir='ltr'><strong>AD</strong></span> <span class='ocrx_word' id='word_1_5' title='bbox 626 860 970 906; x_wconf 69' lang='lat' dir='ltr'><strong>unucunnussu.</strong></span> 
     </span>
    </p>
   </div>
   <div class='ocr_carea' id='block_1_4' title="bbox 253 1044 1263 3202">
    <p class='ocr_par' dir='ltr' id='par_1_4' title="bbox 253 1044 1263 3202">
     <span class='ocr_line' id='line_1_4' title="bbox 351 1044 1178 1140; baseline 0.004 -23"><span class='ocrx_word' id='word_1_6' title='bbox 351 1052 498 1125; x_wconf 82' lang='lat' dir='ltr'><strong>Quando</strong></span> <span class='ocrx_word' id='word_1_7' title='bbox 511 1044 675 1135; x_wconf 65' lang='lat' dir='ltr'><strong>repostum</strong></span> <span class='ocrx_word' id='word_1_8' title='bbox 690 1048 881 1118; x_wconf 60' lang='lat' dir='ltr'><strong>Caecubum</strong></span> <span class='ocrx_word' id='word_1_9' title='bbox 891 1054 938 1117; x_wconf 66' lang='lat' dir='ltr'><strong>ad</strong></span> <span class='ocrx_word' id='word_1_10' title='bbox 956 1054 1055 1119; x_wconf 73' lang='lat' dir='ltr'><strong>testas</strong></span> <span class='ocrx_word' id='word_1_11' title='bbox 1068 1052 1178 1140; x_wconf 47' lang='lat' dir='ltr'><strong>&lt;ilipa</strong></span> 
     </span>
     <span class='ocr_line' id='line_1_5' title="bbox 393 1150 1180 1232; baseline -0.004 -15"><span class='ocrx_word' id='word_1_12' title='bbox 393 1152 519 1217; x_wconf 80' lang='lat' dir='ltr'>Victore</span> <span class='ocrx_word' id='word_1_13' title='bbox 534 1150 639 1214; x_wconf 88' lang='lat' dir='ltr'><strong>laetus</strong></span> <span class='ocrx_word' id='word_1_14' title='bbox 654 1151 802 1232; x_wconf 80' lang='lat' dir='ltr'><strong>Caesare,</strong></span> <span class='ocrx_word' id='word_1_15' title='bbox 1174 1172 1180 1179; x_wconf 88' lang='grc'>·</span> 
     </span>
     <span class='ocr_line' id='line_1_6' title="bbox 351 1249 1111 1335; baseline 0 -19"><span class='ocrx_word' id='word_1_16' title='bbox 351 1251 482 1316; x_wconf 79' lang='lat' dir='ltr'><strong>Tecum</strong></span> <span class='ocrx_word' id='word_1_17' title='bbox 497 1252 559 1314; x_wconf 88' lang='lat' dir='ltr'><strong>sub</strong></span> <span class='ocrx_word' id='word_1_18' title='bbox 573 1249 730 1314; x_wconf 87' lang='lat' dir='ltr'><strong>alta-sic</strong></span> <span class='ocrx_word' id='word_1_19' title='bbox 746 1251 820 1316; x_wconf 87' lang='lat' dir='ltr'><strong>Jovi</strong></span> <span class='ocrx_word' id='word_1_20' title='bbox 835 1252 1111 1335; x_wconf 81' lang='lat' dir='ltr'><strong>gratum—domo,</strong></span> 
     </span>
     <span class='ocr_line' id='line_1_7' title="bbox 367 1351 818 1430; baseline 0 -15"><span class='ocrx_word' id='word_1_21' title='bbox 367 1369 371 1375; x_wconf 87' lang='lat'>·</span> <span class='ocrx_word' id='word_1_22' title='bbox 392 1353 492 1415; x_wconf 86' lang='lat' dir='ltr'><strong>Beate</strong></span> <span class='ocrx_word' id='word_1_23' title='bbox 507 1351 691 1430; x_wconf 78' lang='lat' dir='ltr'><strong>Maecenas,</strong></span> <span class='ocrx_word' id='word_1_24' title='bbox 705 1351 818 1415; x_wconf 81' lang='lat' dir='ltr'>bibam</span> 
     </span>
     <span class='ocr_line' id='line_1_8' title="bbox 351 1448 1261 1534; baseline 0.004 -20"><span class='ocrx_word' id='word_1_25' title='bbox 351 1451 495 1514; x_wconf 82' lang='lat' dir='ltr'><strong>Sonante</strong></span> <span class='ocrx_word' id='word_1_26' title='bbox 509 1449 652 1513; x_wconf 81' lang='lat' dir='ltr'><strong>mixtum</strong></span> <span class='ocrx_word' id='word_1_27' title='bbox 666 1448 752 1512; x_wconf 90' lang='lat' dir='ltr'><strong>tibiis</strong></span> <span class='ocrx_word' id='word_1_28' title='bbox 766 1469 897 1514; x_wconf 87' lang='lat' dir='ltr'><strong>cannen</strong></span> <span class='ocrx_word' id='word_1_29' title='bbox 913 1450 991 1534; x_wconf 86' lang='lat' dir='ltr'><strong>lyra,</strong></span> <span class='ocrx_word' id='word_1_30' title='bbox 1240 1454 1261 1518; x_wconf 82' lang='lat'><strong>5</strong></span> 
     </span>
     <span class='ocr_line' id='line_1_9' title="bbox 253 1540 906 1628; baseline 0 -16"><span class='ocrx_word' id='word_1_31' title='bbox 253 1540 256 1544; x_wconf 58' lang='grc'><strong>’</strong></span> <span class='ocrx_word' id='word_1_32' title='bbox 394 1549 466 1612; x_wconf 87' lang='lat' dir='ltr'><strong>Hac</strong></span> <span class='ocrx_word' id='word_1_33' title='bbox 483 1548 628 1628; x_wconf 88' lang='lat' dir='ltr'><strong>Dorium,</strong></span> <span class='ocrx_word' id='word_1_34' title='bbox 644 1547 709 1610; x_wconf 91' lang='lat' dir='ltr'><strong>illis</strong></span> <span class='ocrx_word' id='word_1_35' title='bbox 724 1548 906 1628; x_wconf 84' lang='lat' dir='ltr'><strong>barbarum,</strong></span> 
     </span>
     <span class='ocr_line' id='line_1_10' title="bbox 353 1628 1018 1733; baseline -0.002 -21"><span class='ocrx_word' id='word_1_36' title='bbox 353 1648 399 1713; x_wconf 94' lang='lat' dir='ltr'><strong>Ut</strong></span> <span class='ocrx_word' id='word_1_37' title='bbox 412 1628 523 1730; x_wconf 78' lang='lat' dir='ltr'><strong>nuper,</strong></span> <span class='ocrx_word' id='word_1_38' title='bbox 539 1657 632 1711; x_wconf 84' lang='lat' dir='ltr'><strong>ectus</strong></span> <span class='ocrx_word' id='word_1_39' title='bbox 646 1666 724 1710; x_wconf 91' lang='lat' dir='ltr'><strong>cum</strong></span> <span class='ocrx_word' id='word_1_40' title='bbox 738 1646 818 1711; x_wconf 82' lang='lat' dir='ltr'><strong>fiete</strong></span> <span class='ocrx_word' id='word_1_41' title='bbox 833 1647 1018 1733; x_wconf 86' lang='lat' dir='ltr'><strong>Neptunius</strong></span> 
     </span>
     <span class='ocr_line' id='line_1_11' title="bbox 394 1745 844 1828; baseline 0.004 -19"><span class='ocrx_word' id='word_1_42' title='bbox 394 1746 473 1810; x_wconf 85' lang='lat' dir='ltr'><strong>Dux</strong></span> <span class='ocrx_word' id='word_1_43' title='bbox 487 1745 580 1828; x_wconf 78' lang='lat' dir='ltr'><strong>fugit,</strong></span> <span class='ocrx_word' id='word_1_44' title='bbox 589 1746 678 1810; x_wconf 69' lang='lat' dir='ltr'><strong>sistis</strong></span> <span class='ocrx_word' id='word_1_45' title='bbox 693 1746 844 1828; x_wconf 86' lang='lat' dir='ltr'><strong>navibus,</strong></span> 
     </span>
     <span class='ocr_line' id='line_1_12' title="bbox 351 1844 1023 1928; baseline 0.001 -19"><span class='ocrx_word' id='word_1_46' title='bbox 351 1846 497 1910; x_wconf 79' lang='lat' dir='ltr'><strong>Minatus</strong></span> <span class='ocrx_word' id='word_1_47' title='bbox 512 1844 593 1909; x_wconf 92' lang='lat' dir='ltr'><strong>Urbi</strong></span> <span class='ocrx_word' id='word_1_48' title='bbox 605 1844 725 1926; x_wconf 82' lang='lat' dir='ltr'><strong>vincla,</strong></span> <span class='ocrx_word' id='word_1_49' title='bbox 741 1865 826 1928; x_wconf 90' lang='lat' dir='ltr'><strong>qnae</strong></span> <span class='ocrx_word' id='word_1_50' title='bbox 841 1846 1023 1912; x_wconf 80' lang='lat' dir='ltr'><strong>detraxerat</strong></span> 
     </span>
     <span class='ocr_line' id='line_1_13' title="bbox 393 1944 1261 2028; baseline 0.001 -18"><span class='ocrx_word' id='word_1_51' title='bbox 393 1945 503 2010; x_wconf 86' lang='lat' dir='ltr'><strong>Servis</strong></span> <span class='ocrx_word' id='word_1_52' title='bbox 517 1944 644 2009; x_wconf 83' lang='lat' dir='ltr'><strong>amicus</strong></span> <span class='ocrx_word' id='word_1_53' title='bbox 657 1944 812 2028; x_wconf 75' lang='lat' dir='ltr'><strong>perfidisi</strong></span> <span class='ocrx_word' id='word_1_54' title='bbox 1221 1947 1261 2011; x_wconf 86' lang='lat'><strong>10</strong></span> 
     </span>
     <span class='ocr_line' id='line_1_14' title="bbox 350 2044 969 2129; baseline 0.002 -20"><span class='ocrx_word' id='word_1_55' title='bbox 350 2045 528 2125; x_wconf 83' lang='lat' dir='ltr'><strong>Romanus²</strong></span> <span class='ocrx_word' id='word_1_56' title='bbox 543 2044 649 2108; x_wconf 90' lang='lat' dir='ltr'><strong>eheu!</strong></span> <span class='ocrx_word' id='word_1_57' title='bbox 671 2045 788 2127; x_wconf 77' lang='lat' dir='ltr'>posteri</span> <span class='ocrx_word' id='word_1_58' title='bbox 802 2044 969 2129; x_wconf 82' lang='lat' dir='ltr'><strong>negabitis,</strong></span> 
     </span>
     <span class='ocr_line' id='line_1_15' title="bbox 393 2143 793 2226; baseline 0.003 -19"><span class='ocrx_word' id='word_1_59' title='bbox 393 2143 630 2226; x_wconf 84' lang='lat' dir='ltr'><strong>Emancipatus</strong></span> <span class='ocrx_word' id='word_1_60' title='bbox 644 2143 793 2225; x_wconf 87' lang='lat' dir='ltr'><strong>feminae,</strong></span> 
     </span>
     <span class='ocr_line' id='line_1_16' title="bbox 350 2242 1094 2329; baseline 0.005 -24"><span class='ocrx_word' id='word_1_61' title='bbox 350 2244 427 2306; x_wconf 85' lang='lat' dir='ltr'><strong>Fert</strong></span> <span class='ocrx_word' id='word_1_62' title='bbox 440 2242 567 2307; x_wconf 83' lang='lat' dir='ltr'><strong>vallum</strong></span> <span class='ocrx_word' id='word_1_63' title='bbox 580 2254 614 2306; x_wconf 86' lang='lat' dir='ltr'><strong>et</strong></span> <span class='ocrx_word' id='word_1_64' title='bbox 627 2263 720 2307; x_wconf 82' lang='lat' dir='ltr'><strong>arma</strong></span> <span class='ocrx_word' id='word_1_65' title='bbox 733 2244 835 2325; x_wconf 88' lang='lat' dir='ltr'><strong>miles,</strong></span> <span class='ocrx_word' id='word_1_66' title='bbox 850 2254 883 2308; x_wconf 92' lang='lat' dir='ltr'><strong>et</strong></span> <span class='ocrx_word' id='word_1_67' title='bbox 896 2243 1094 2329; x_wconf 80' lang='lat' dir='ltr'><strong>spadonibus</strong></span> 
     </span>
     <span class='ocr_line' id='line_1_17' title="bbox 390 2342 780 2427; baseline 0 -20"><span class='ocrx_word' id='word_1_68' title='bbox 390 2342 516 2407; x_wconf 84' lang='lat' dir='ltr'><strong>Servire</strong></span> <span class='ocrx_word' id='word_1_69' title='bbox 529 2343 654 2426; x_wconf 84' lang='lat' dir='ltr'><strong>rugosis</strong></span> <span class='ocrx_word' id='word_1_70' title='bbox 669 2353 780 2427; x_wconf 83' lang='lat' dir='ltr'><strong>potest,</strong></span> 
     </span>
     <span class='ocr_line' id='line_1_18' title="bbox 349 2442 883 2527; baseline 0.004 -21"><span class='ocrx_word' id='word_1_71' title='bbox 349 2443 499 2524; x_wconf 84' lang='lat' dir='ltr'><strong>Interque</strong></span> <span class='ocrx_word' id='word_1_72' title='bbox 513 2442 608 2524; x_wconf 88' lang='lat' dir='ltr'><strong>signa</strong></span> <span class='ocrx_word' id='word_1_73' title='bbox 623 2452 716 2527; x_wconf 85' lang='lat' dir='ltr'><strong>turpe</strong></span> <span class='ocrx_word' id='word_1_74' title='bbox 730 2442 883 2508; x_wconf 78' lang='lat' dir='ltr'><strong>militaria</strong></span> 
     </span>
     <span class='ocr_line' id='line_1_19' title="bbox 390 2540 805 2626; baseline 0.005 -21"><span class='ocrx_word' id='word_1_75' title='bbox 390 2540 447 2605; x_wconf 86' lang='lat' dir='ltr'><strong>Sol</strong></span> <span class='ocrx_word' id='word_1_76' title='bbox 461 2540 598 2624; x_wconf 84' lang='lat' dir='ltr'><strong>adspicit</strong></span> <span class='ocrx_word' id='word_1_77' title='bbox 611 2543 805 2626; x_wconf 91' lang='lat' dir='ltr'><strong>conopium!</strong></span> 
     </span>
     <span class='ocr_line' id='line_1_20' title="bbox 348 2639 1114 2725; baseline 0.003 -22"><span class='ocrx_word' id='word_1_78' title='bbox 348 2640 393 2703; x_wconf 85' lang='lat' dir='ltr'><strong>At</strong></span> <span class='ocrx_word' id='word_1_79' title='bbox 406 2640 468 2703; x_wconf 90' lang='lat' dir='ltr'><strong>hoc</strong></span> <span class='ocrx_word' id='word_1_80' title='bbox 482 2639 654 2705; x_wconf 82' lang='lat' dir='ltr'><strong>frementes</strong></span> <span class='ocrx_word' id='word_1_81' title='bbox 668 2652 833 2706; x_wconf 86' lang='lat' dir='ltr'><strong>vertenmt</strong></span> <span class='ocrx_word' id='word_1_82' title='bbox 846 2642 897 2707; x_wconf 88' lang='lat' dir='ltr'><strong>bis</strong></span> <span class='ocrx_word' id='word_1_83' title='bbox 911 2641 1000 2706; x_wconf 88' lang='lat' dir='ltr'><strong>mille</strong></span> <span class='ocrx_word' id='word_1_84' title='bbox 1013 2659 1114 2725; x_wconf 87' lang='lat' dir='ltr'><strong>equos</strong></span> 
     </span>
     <span class='ocr_line' id='line_1_21' title="bbox 390 2739 853 2822; baseline 0.006 -20"><span class='ocrx_word' id='word_1_85' title='bbox 390 2739 486 2820; x_wconf 82' lang='lat' dir='ltr'><strong>Galli,</strong></span> <span class='ocrx_word' id='word_1_86' title='bbox 501 2751 655 2805; x_wconf 83' lang='lat' dir='ltr'><strong>canentes</strong></span> <span class='ocrx_word' id='word_1_87' title='bbox 669 2741 853 2822; x_wconf 79' lang='lat' dir='ltr'><strong>Gaesarem,</strong></span> 
     </span>
     <span class='ocr_line' id='line_1_22' title="bbox 349 2837 965 2924; baseline 0.005 -23"><span class='ocrx_word' id='word_1_88' title='bbox 349 2837 589 2923; x_wconf 86' lang='lat' dir='ltr'><strong>Hostiliumque</strong></span> <span class='ocrx_word' id='word_1_89' title='bbox 603 2840 742 2905; x_wconf 83' lang='lat' dir='ltr'><strong>navium</strong></span> <span class='ocrx_word' id='word_1_90' title='bbox 756 2851 850 2924; x_wconf 85' lang='lat' dir='ltr'><strong>portu</strong></span> <span class='ocrx_word' id='word_1_91' title='bbox 863 2840 965 2905; x_wconf 77' lang='lat' dir='ltr'><strong>latent</strong></span> 
     </span>
     <span class='ocr_line' id='line_1_23' title="bbox 390 2935 1263 3022; baseline 0.003 -21"><span class='ocrx_word' id='word_1_92' title='bbox 390 2935 520 3022; x_wconf 89' lang='lat' dir='ltr'><strong>Puppes</strong></span> <span class='ocrx_word' id='word_1_93' title='bbox 542 2938 760 3004; x_wconf 89' lang='lat' dir='ltr'><strong>sinistrorsum</strong></span> <span class='ocrx_word' id='word_1_94' title='bbox 774 2941 868 3004; x_wconf 84' lang='lat' dir='ltr'><strong>citae.</strong></span> <span class='ocrx_word' id='word_1_95' title='bbox 1217 2937 1263 3003; x_wconf 75' lang='lat'><strong>20</strong></span> 
     </span>
     <span class='ocr_line' id='line_1_24' title="bbox 348 3037 920 3120; baseline 0.005 -21"><span class='ocrx_word' id='word_1_96' title='bbox 348 3037 385 3100; x_wconf 91' lang='lat' dir='ltr'><strong>Io</strong></span> <span class='ocrx_word' id='word_1_97' title='bbox 398 3037 560 3120; x_wconf 81' lang='lat' dir='ltr'><strong>triumphe</strong></span> <span class='ocrx_word' id='word_1_98' title='bbox 575 3038 583 3100; x_wconf 90' lang='lat'>!</span> <span class='ocrx_word' id='word_1_99' title='bbox 606 3048 643 3102; x_wconf 89' lang='lat' dir='ltr'><strong>tu</strong></span> <span class='ocrx_word' id='word_1_100' title='bbox 657 3040 791 3103; x_wconf 83' lang='lat' dir='ltr'><strong>moraris</strong></span> <span class='ocrx_word' id='word_1_101' title='bbox 805 3058 920 3102; x_wconf 87' lang='lat' dir='ltr'><strong>aureos</strong></span> 
     </span>
     <span class='ocr_line' id='line_1_25' title="bbox 391 3137 851 3202; baseline 0.007 -3"><span class='ocrx_word' id='word_1_102' title='bbox 391 3137 514 3200; x_wconf 86' lang='lat' dir='ltr'><strong>Currus</strong></span> <span class='ocrx_word' id='word_1_103' title='bbox 528 3147 560 3201; x_wconf 91' lang='lat' dir='ltr'><strong>et</strong></span> <span class='ocrx_word' id='word_1_104' title='bbox 574 3137 713 3202; x_wconf 87' lang='lat' dir='ltr'><strong>intactas</strong></span> <span class='ocrx_word' id='word_1_105' title='bbox 727 3138 851 3202; x_wconf 69' lang='lat' dir='ltr'><strong>boves?</strong></span> 
     </span>
    </p>
   </div>
   <div class='ocr_carea' id='block_1_5' title="bbox 349 3234 1264 3616">
    <p class='ocr_par' dir='ltr' id='par_1_5' title="bbox 349 3234 1005 3418">
     <span class='ocr_line' id='line_1_26' title="bbox 349 3234 1005 3321; baseline 0.005 -23"><span class='ocrx_word' id='word_1_106' title='bbox 349 3234 385 3298; x_wconf 90' lang='lat'><strong>10</strong></span> <span class='ocrx_word' id='word_1_107' title='bbox 400 3235 581 3320; x_wconf 82' lang='lat' dir='ltr'><strong>triumphet</strong></span> <span class='ocrx_word' id='word_1_108' title='bbox 604 3254 666 3300; x_wconf 90' lang='lat' dir='ltr'><strong>nec</strong></span> <span class='ocrx_word' id='word_1_109' title='bbox 679 3237 878 3320; x_wconf 79' lang='lat' dir='ltr'><strong>Jugnrthino</strong></span> <span class='ocrx_word' id='word_1_110' title='bbox 892 3255 1005 3321; x_wconf 83' lang='lat' dir='ltr'><strong>parem</strong></span> 
     </span>
     <span class='ocr_line' id='line_1_27' title="bbox 391 3334 804 3418; baseline 0.005 -21"><span class='ocrx_word' id='word_1_111' title='bbox 391 3334 482 3398; x_wconf 88' lang='lat' dir='ltr'><strong>Bello</strong></span> <span class='ocrx_word' id='word_1_112' title='bbox 495 3336 662 3418; x_wconf 86' lang='lat' dir='ltr'><strong>reportasti</strong></span> <span class='ocrx_word' id='word_1_113' title='bbox 676 3335 804 3416; x_wconf 90' lang='lat' dir='ltr'><strong>ducem,</strong></span> 
     </span>
    </p>

    <p class='ocr_par' dir='ltr' id='par_1_6' title="bbox 349 3430 1264 3616">
     <span class='ocr_line' id='line_1_28' title="bbox 349 3430 1264 3518; baseline 0.002 -22"><span class='ocrx_word' id='word_1_114' title='bbox 349 3431 465 3515; x_wconf 87' lang='lat' dir='ltr'><strong>Neque</strong></span> <span class='ocrx_word' id='word_1_115' title='bbox 482 3433 682 3516; x_wconf 84' lang='lat' dir='ltr'><strong>Africanum,</strong></span> <span class='ocrx_word' id='word_1_116' title='bbox 697 3435 753 3499; x_wconf 90' lang='lat' dir='ltr'><strong>cui</strong></span> <span class='ocrx_word' id='word_1_117' title='bbox 768 3452 864 3517; x_wconf 87' lang='lat' dir='ltr'><strong>super</strong></span> <span class='ocrx_word' id='word_1_118' title='bbox 878 3432 1111 3518; x_wconf 79' lang='lat' dir='ltr'><strong>Carthaginem</strong></span> <span class='ocrx_word' id='word_1_119' title='bbox 1217 3430 1264 3498; x_wconf 77' lang='lat'><strong>25</strong></span> 
     </span>
     <span class='ocr_line' id='line_1_29' title="bbox 392 3532 867 3616; baseline 0 -19"><span class='ocrx_word' id='word_1_120' title='bbox 392 3533 501 3597; x_wconf 84' lang='lat' dir='ltr'><strong>Virtus</strong></span> <span class='ocrx_word' id='word_1_121' title='bbox 516 3535 700 3616; x_wconf 88' lang='lat' dir='ltr'><strong>sepulcrum</strong></span> <span class='ocrx_word' id='word_1_122' title='bbox 714 3532 867 3599; x_wconf 86' lang='lat' dir='ltr'><strong>condidit</strong></span> 
     </span>
    </p>
   </div>
   <div class='ocr_carea' id='block_1_6' title="bbox 251 3743 1184 3878">
    <p class='ocr_par' dir='ltr' id='par_1_7' title="bbox 251 3743 1184 3878">
     <span class='ocr_line' id='line_1_30' title="bbox 251 3743 1184 3821; baseline 0.001 -25"><span class='ocrx_word' id='word_1_123' title='bbox 251 3816 254 3821; x_wconf 10' lang='grc' dir='ltr'>μ</span> <span class='ocrx_word' id='word_1_124' title='bbox 318 3743 350 3797; x_wconf 78' lang='lat'><strong>0.</strong></span> <span class='ocrx_word' id='word_1_125' title='bbox 360 3746 393 3796; x_wconf 80' lang='lat' dir='ltr'><strong>ix.</strong></span> <span class='ocrx_word' id='word_1_126' title='bbox 404 3746 428 3796; x_wconf 81' lang='lat'><strong>⁵.</strong></span> <span class='ocrx_word' id='word_1_127' title='bbox 445 3748 536 3795; x_wconf 74' lang='lat' dir='ltr'><strong>mixtis.</strong></span> <span class='ocrx_word' id='word_1_128' title='bbox 605 3748 644 3797; x_wconf 86' lang='grc'><strong>17.</strong></span> <span class='ocrx_word' id='word_1_129' title='bbox 662 3748 698 3798; x_wconf 80' lang='lat' dir='ltr'><strong>At</strong></span> <span class='ocrx_word' id='word_1_130' title='bbox 708 3747 771 3810; x_wconf 80' lang='lat' dir='ltr'><strong>huc;</strong></span> <span class='ocrx_word' id='word_1_131' title='bbox 788 3747 830 3799; x_wconf 83' lang='lat' dir='ltr'><strong>Ad</strong></span> <span class='ocrx_word' id='word_1_132' title='bbox 841 3746 924 3808; x_wconf 68' lang='lat' dir='ltr'><strong>inum</strong></span> <span class='ocrx_word' id='word_1_133' title='bbox 940 3745 1047 3808; x_wconf 58' lang='lat' dir='ltr'><strong>Aditum</strong></span> <span class='ocrx_word' id='word_1_134' title='bbox 1063 3743 1184 3797; x_wconf 71' lang='lat' dir='ltr'><strong>Athene.</strong></span> 
     </span>
     <span class='ocr_line' id='line_1_31' title="bbox 563 3826 940 3878; baseline -0.003 -2"><span class='ocrx_word' id='word_1_135' title='bbox 563 3826 604 3876; x_wconf 73' lang='lat'><strong>20.</strong></span> <span class='ocrx_word' id='word_1_136' title='bbox 621 3829 691 3876; x_wconf 73' lang='lat' dir='ltr'><strong>ritae.</strong></span> <span class='ocrx_word' id='word_1_137' title='bbox 756 3827 798 3878; x_wconf 73' lang='lat'><strong>25.</strong></span> <span class='ocrx_word' id='word_1_138' title='bbox 815 3826 940 3878; x_wconf 76' lang='lat' dir='ltr'><strong>Afficano.</strong></span> 
     </span>
    </p>
   </div>
   <div class='ocr_carea' id='block_1_7' title="bbox 0 0 1426 4342">
    <p class='ocr_par' dir='ltr' id='par_1_8' title="bbox 0 0 1426 4342">
     <span class='ocr_line' id='line_1_32' title="bbox 0 0 1426 4342; baseline 0 0"><span class='ocrx_word' id='word_1_139' title='bbox 0 0 1426 4342; x_wconf 95' lang='lat' dir='ltr'><strong> </strong></span> 
     </span>
    </p>
   </div>
  </div>
 </body>
</html>
