2842 4342
498 337 886 397 munuum
1086 333 1203 407 ‘65

338 489 491 575 largiora
504 491 624 577 flagito,

378 590 464 655 Satis
478 592 593 656 beatus
608 595 713 660 unicis
727 597 866 664 Sabinis.

338 688 495 754 Truditur
508 689 578 754 dies
592 691 652 774 dle,
1165 706 1204 771 15

379 788 556 871 Novaeque
569 803 708 875 pergunt
723 794 849 861 interire
863 796 969 864 lunae.

337 884 394 950 Tu
408 887 550 952 secanda
563 908 725 955 marmora

377 985 482 1050 locas
496 989 559 1052 sub
574 989 683 1072 ipsum
699 991 807 1074 timus,
822 1004 863 1075 et,
878 996 1016 1079 sepulcri

338 1083 517 1166 Immemor,
533 1090 630 1151 stmis
644 1089 765 1173 domos,

379 1183 542 1267 Marisque
556 1187 646 1251 Baiis
660 1190 868 1274 obstrepentis
882 1212 979 1277 urges
1159 1197 1204 1262 20

337 1280 662 1369 Summoverelitore‚
820 1374 824 1381 v
1322 1314 1325 1319 ’

377 1380 497 1446 Parum
511 1383 654 1469 locuples
668 1389 853 1453 continente
867 1392 946 1476 ripa

336 1479 436 1561 Quid,
451 1480 539 1563 quod
554 1503 657 1566 usque
672 1489 835 1569 proximos

378 1578 519 1644 Revellis
534 1584 603 1666 agri
617 1586 779 1669 terminos,
794 1597 828 1652 et
841 1588 927 1654 ultra

336 1675 470 1741 Limites
488 1678 657 1747 clientium
1158 1691 1202 1756 25

345 1782 346 1785 ’
378 1776 463 1842 Salis
478 1783 621 1846 arenul
662 1783 799 1850 Pellitur
812 1795 961 1869 paternos

335 1874 376 1938 In
390 1876 464 1941 sinu
478 1877 583 1943 ferens
597 1880 673 1945 deos

378 1975 423 2039 Et
436 1996 520 2041 uxor
532 1988 565 2043 et
578 1981 628 2044 vir
642 1982 849 2067 sordidosque
865 1995 967 2051 ustos.

336 2073 436 2138 Nulla
449 2078 562 2141 certior
576 2089 685 2145 temen

375 2173 517 2258 Rapacis
532 2177 609 2243 Orci
623 2179 690 2244 line
703 2179 865 2248 destinata
1157 2187 1201 2254 30

334 2272 421 2336 Aula
435 2274 569 2344 divitem
583 2289 695 2343 manet
720 2362 724 2369 Ι

376 2372 510 2438 Herunn
532 2377 626 2447 Quid
637 2379 723 2443 ultre
733 2381 862 2446 tendisl
883 2384 1000 2467 Aequa
1009 2385 1106 2450 ullus

334 2471 472 2555 Pauperi
486 2474 669 2552 recluditur,

375 2571 568 2657 Regumque
582 2578 699 2660 pueris,
715 2598 774 2644 nec
789 2581 917 2647 satelles
931 2582 1009 2648 Orci

334 2670 499 2736 Callidum
512 2675 705 2742 Promethea
1156 2683 1199 2751 35

374 2771 513 2837 Revexit
526 2793 607 2839 auro
619 2787 744 2861 captus.
788 2779 852 2844 Hic
867 2781 1043 2863 superbum

333 2869 515 2937 Tantalum
528 2882 626 2958 alque
641 2877 777 2942 Tantali
823 2924 832 2935 ·

374 2972 487 3036 Genus
500 2984 641 3057 coercet3
664 2976 718 3041 hic
732 2977 839 3042 levare
853 2976 1004 3045 functum

337 3069 518 3154 Pauperem
534 3075 697 3140 laboribus

373 3170 518 3238 Vocatus
532 3184 632 3257 atque
647 3195 714 3240 non
728 3186 865 3242 vocatus
878 3176 979 3243 audit
1155 3180 1199 3247 40

598 3358 639 3411 2⁵.
657 3356 782 3412 Limitern.
