2842 4342
240 346 314 419 280
620 356 875 408 mannhun

281 521 351 591 Qui
365 517 446 583 redit
460 517 495 580 in
508 515 609 579 fastos
623 525 655 578 et
668 517 823 578 virtutem
836 513 985 577 aestimat
998 512 1104 593 annis,

281 620 481 700 Miratruqne
494 615 585 695 nihil,
602 614 664 678 nisi
678 613 767 696 quod
781 612 924 677 Libitina
938 611 1085 675 sacravit

281 718 420 797 Ennius,
435 726 467 779 et
481 715 610 798 sapiens
624 724 655 777 et
670 712 768 793 fortis,
783 722 815 775 et
829 711 910 775 alter
924 710 1092 791 Homerus,
1214 712 1255 776 5⁰

281 818 327 882 Ut
341 817 442 881 critici
455 815 578 894 dicunt,
593 813 705 876 leviter
717 831 829 875 curare
844 811 979 891 videtur,

282 920 361 989 Quo
376 915 533 1000 promissa
545 912 665 977 cadant
679 922 711 975 et
725 912 852 974 somnia
867 911 1081 993 Pythagorea

283 1016 429 1082 Naevius
443 1014 477 1077 in
492 1012 643 1077 menibus
657 1030 723 1076 non
738 1021 794 1091 est,
810 1020 843 1073 et
856 1011 1020 1075 mentibus
1034 1011 1145 1074 haeret

284 1117 392 1180 Peene
406 1114 540 1179 recensi
568 1111 659 1175 Adeo
673 1121 825 1174 sanctum
839 1120 888 1173 est
899 1120 994 1173 vetus
1008 1129 1104 1174 omne
1118 1126 1242 1193 poema

284 1215 468 1297 Ambigitur
481 1212 615 1295 quoties,
630 1222 701 1274 uter
716 1222 788 1275 utro
803 1211 845 1274 sit
858 1210 950 1293 prior,
965 1209 1070 1275 aufert
1217 1211 1256 1275 55

283 1314 449 1378 Pacuvius
463 1311 548 1375 docti
562 1310 686 1374 famam
700 1311 796 1391 senis,
812 1312 932 1376 Accius
946 1310 1024 1413 qlti3

283 1412 410 1476 Dicitur
423 1409 538 1474 Afrani
552 1420 628 1493 toga
641 1410 832 1474 convenisse
847 1407 1034 1487 Menandro,

283 1513 421 1577 Plautus
435 1510 478 1574 ad
492 1509 659 1593 exemplar
672 1510 776 1574 Siculi
790 1529 957 1593 properare
971 1508 1172 1591 Epicharmi,

284 1613 417 1677 Vincere
432 1608 594 1675 Caecilius
608 1609 774 1693 gravitate,
789 1608 963 1672 Terentius
978 1618 1053 1671 arte.

284 1714 353 1777 Hos
367 1712 481 1775 ediscit
493 1723 526 1776 et
540 1713 600 1774 hos
615 1720 683 1775 arto
698 1712 816 1794 stipata
830 1712 986 1775 theatro
1216 1712 1258 1775 60

283 1813 415 1896 Spectat
427 1812 533 1876 Roma
547 1820 676 1894 potens;
700 1811 799 1874 habet
812 1811 872 1874 hos
886 1819 1099 1892 numeratque
1113 1821 1224 1894 poetas

283 1910 337 1975 Ad
350 1921 497 1974 nostrum
511 1921 639 1993 tempus
652 1910 728 1974 Livi
742 1911 902 1993 scriptoris
916 1910 959 1974 ab
973 1929 1062 1973 aevo.

284 2010 453 2074 Interdum
466 2009 587 2093 vulgus
601 2020 725 2073 rectum
740 2009 827 2073 videt
839 2030 847 2092 3
870 2020 919 2073 est
933 2010 990 2074 ubi
1003 2020 1124 2092 peccat

286 2110 323 2175 si
337 2118 459 2172 veteres
473 2110 519 2172 ita
533 2109 668 2178 miratur
681 2108 858 2193 laudatque
872 2118 991 2192 poetas,

286 2209 332 2272 Ut
345 2207 427 2270 nihil
441 2206 605 2288 anteferat,
620 2209 704 2273 nihil
718 2199 781 2272 illis
795 2221 966 2292 comparet,
982 2218 1084 2272 errat:
1217 2207 1258 2272 6⁵

178 2364 182 2377 .
285 2307 321 2371 Si
335 2306 498 2387 quaedam
511 2306 610 2371 nimis
624 2308 765 2391 antique,
782 2309 810 2372 si
823 2308 976 2391 pleraque
989 2308 1068 2372 dure

285 2404 399 2468 Dicere
413 2404 514 2469 credit
527 2424 591 2487 eos,
607 2407 725 2490 ignave
739 2407 844 2471 rnnlta
858 2405 982 2487 letetur,

285 2502 330 2567 Et
344 2503 428 2586 sapit
441 2513 473 2567 et
487 2523 617 2569 meeum
630 2504 709 2569 facit
722 2515 755 2568 et
769 2505 850 2570 Jove
859 2505 986 2590 judicat
999 2523 1112 2588 aequo.

285 2601 359 2666 Non
373 2603 524 2685 equidem
538 2604 676 2668 insector
690 2604 870 2668 delendave
884 2605 1029 2668 carmina
1043 2604 1119 2667 Livt

284 2701 367 2765 Esse
382 2720 458 2782 reor,
473 2703 608 2766 memini
621 2721 706 2784 quae
720 2701 892 2786 plagosum
906 2703 987 2767 mihi
1001 2720 1101 2786 perro
1217 2701 1261 2767 70

284 2800 445 2864 Orbilium
458 2799 596 2867 dictare:
619 2801 677 2866 sed
691 2802 865 2866 emendata
879 2801 981 2866 videri

284 2898 490 2982 Pulchraque
504 2910 537 2963 et
550 2902 673 2965 exactis
688 2902 862 2965 minimum
876 2899 1031 2965 dnunda
1044 2900 1150 2965 miror.

284 2998 372 3061 lnter
385 3018 470 3081 quae
484 3000 620 3063 verbum
633 3000 766 3064 emicuit
781 3001 809 3063 si
823 3000 902 3064 forte
916 3000 1077 3081 decorum,

284 3098 321 3162 Si
335 3117 447 3161 versus
462 3098 572 3181 paullo
586 3101 772 3164 concinnior
786 3119 873 3165 unus
886 3110 919 3163 et
932 3100 1020 3181 alter,

285 3197 409 3281 lnjuste
424 3207 529 3260 toturn
543 3196 635 3261 ducit
648 3198 825 3282 venditque
838 3218 962 3283 poema
1219 3199 1263 3265 ⁷⁶

284 3295 438 3380 Indignor
451 3297 633 3380 quidquam
647 3299 845 3379 reprehendi,
860 3319 925 3364 non
940 3299 1018 3382 quia
1032 3316 1140 3362 crasse

286 3394 508 3477 Conpositum
522 3396 690 3480 illepideve
704 3408 842 3481 putetur,
857 3399 914 3463 sed
928 3401 1007 3483 quia
1021 3416 1141 3481 nuper:

285 3491 355 3557 Nec
369 3494 499 3559 veniam
514 3497 666 3579 antiquis,
681 3497 739 3561 md
753 3498 909 3562 honorem
923 3509 955 3562 et
968 3498 1111 3581 praemia
1125 3496 1224 3581 posci

285 3592 385 3657 Recte
399 3612 502 3659 necno
516 3615 648 3662 crocum
661 3597 820 3681 floresque
833 3598 1034 3681 perambulet
1048 3599 1144 3662 Attae

685 3823 726 3878 61.
743 3826 816 3878 cedit.
