2842 4342
524 370 643 421 mna
693 369 723 420 o.
748 368 841 421 xvn.
1114 350 1185 426 161

209 526 351 611 Pinguia
364 545 426 590 nec
440 526 534 589 siccis
549 535 684 589 urantur
698 526 824 590 semina
837 524 947 610 glebis,
1142 527 1185 593 65

254 626 437 708 Utrumque
452 644 526 708 rege
541 635 738 708 temperante
752 624 922 689 Coclitum.

211 723 289 789 Non
303 725 370 789 huc
384 726 492 807 Argoo
505 723 670 788 contendit
684 725 804 807 remige
818 724 923 807 pinus,

254 824 368 907 Neque
382 823 547 907 impudica
561 824 692 887 Colchis
707 824 817 888 intulit
831 823 965 907 pedem:

213 923 286 987 Non
300 923 366 987 huc
381 923 505 989 Sidonii
520 932 677 987 torserunt
690 942 812 987 cornua
826 934 954 1005 nautae,

253 1021 428 1086 Laboriosa
445 1040 505 1085 nec
519 1022 632 1084 cohors
646 1021 764 1107 Uiirrei.

123 1120 131 1131 '
214 1120 312 1184 Nulla
326 1131 443 1185 nocent
456 1121 560 1203 pecori
574 1121 744 1204 contegia3
767 1120 891 1185 nullius
905 1122 982 1185 astri

254 1221 393 1303 Gregem
407 1230 558 1284 aestuosa
572 1230 668 1284 torret
681 1221 878 1303 impotentia.

212 1320 338 1403 Jupiter
352 1319 408 1383 illa
423 1320 494 1402 piae
508 1321 644 1383 secrevit
658 1319 750 1383 litora
764 1320 861 1403 genti,

253 1418 299 1482 Ut
313 1418 497 1501 inquinavit
511 1438 584 1482 aere
598 1429 728 1503 tempus
742 1438 901 1483 aureum:

212 1518 302 1598 Aere,
317 1516 435 1581 dehinc
449 1516 530 1582 ferro
544 1517 674 1581 duravit
688 1518 829 1599 saecule,
844 1537 984 1601 quorum
1142 1519 1185 1584 65

253 1618 321 1683 Piis
335 1619 488 1699 secunda,
503 1629 578 1682 vate
592 1638 653 1699 me,
670 1618 766 1682 datur
779 1617 868 1702 suge„

599 1734 617 1785 l
686 1752 691 1765 ’

552 1780 736 1853 *huffe-fl
1009 1766 1134 1857 Ψ

832 1876 835 1887 Ι

628 1934 737 1949 n·-

521 2176 701 2243 cARMuN
735 2176 842 2238 XVII.

347 2359 404 2403 AD
436 2360 679 2404 caninum
714 2361 1014 2406 verticulum.

604 2541 755 2583 uouemus

288 2679 364 2743 Jam
373 2681 443 2763 jam
456 2677 581 2743 efficaci
594 2677 637 2741 do
651 2698 771 2743 munus
785 2678 946 2761 scientiae,

288 2776 432 2860 Supplex
446 2788 479 2841 et
492 2796 546 2840 oro
561 2797 660 2859 regna
674 2796 730 2859 per
744 2778 960 2861 Proserpinae,

290 2876 350 2940 Per
362 2886 395 2940 et
408 2876 535 2940 Dianae
549 2895 615 2943 non
629 2876 792 2942 movenda
805 2878 951 2960 numina,

287 2975 348 3039 Per
361 2985 459 3059 atque
475 2976 570 3041 libros
583 2977 770 3042 carminum
783 2978 963 3042 valentium

288 3074 804 3156 Refixaooelodevocaresidera,
1163 3079 1184 3144 ὅ

289 3174 436 3256 Canidia,
451 3195 546 3259 parce
560 3176 694 3240 vocibus
710 3175 842 3241 tandem
857 3176 966 3257 sacris,

288 3274 463 3357 citumque
477 3286 559 3341 retro
573 3275 671 3356 solve,
687 3276 777 3340 solve
792 3275 963 3341 turbinem.

288 3373 391 3437 Movit
404 3384 553 3457 nepotem
567 3375 736 3458 Telephus
750 3375 912 3454 Nereium

287 3472 326 3536 ln
340 3492 439 3556 quem
452 3476 610 3559 superbus
623 3475 786 3540 ordinarat
800 3474 933 3558 agmina

288 3571 457 3655 Mysorum
471 3585 504 3639 ct
517 3575 552 3639 in
566 3594 665 3658 quem
679 3575 745 3639 tela
759 3584 857 3639 acuta
871 3582 1010 3640 torserat
1144 3572 1185 3637 10

334 3770 375 3822 sr.
392 3774 474 3823 amn
540 3774 580 3823 sa.
596 3776 707 3823 smus.
756 3747 814 3823 ss.
832 3772 914 3824 sem
926 3771 1022 3824 uuus.

483 3860 490 3871 ·
557 3852 586 3903 c.
599 3870 656 3903 xm
668 3856 692 3904 5.
710 3852 804 3903 oens.
