2842 4342
246 335 319 406 210
381 360 386 370 ·
642 354 857 406 snrmnnmr

244 510 375 575 Galloni
388 510 554 592 praeconis
568 521 637 574 crat
650 511 835 594 acipensere
849 531 964 577 mensa

244 608 388 673 Infamia
431 608 548 678 Quidl
570 619 649 672 tunc
663 609 813 673 rhombos
827 613 937 676 minus
951 630 1093 694 aequora
1107 613 1261 678 alsbantl

242 709 355 773 'l'utus
368 718 437 771 erat
450 709 605 772 rhombus
621 718 754 791 tutoqus
768 710 894 773 ciconia
907 711 992 792 nido,

242 809 355 872 Donec
369 827 429 870 vos
443 817 555 871 auctor
568 806 679 871 docuit
692 810 877 890 pmetorius.
921 810 1009 895 Ergo
1218 813 1260 876 ὅθ

241 908 278 972 Si
292 908 367 990 quis
380 926 470 971 nunc
485 925 611 990 mergos
624 925 745 971 suares
759 908 896 973 edixerit
909 929 1007 990 assos,

242 1007 371 1070 Parebit
384 1007 476 1089 pravi
489 1006 602 1069 docilis
616 1006 768 1071 Romana
776 1009 944 1091 juventus.

241 1106 397 1171 Sordidus
412 1127 433 1169 a
447 1107 538 1169 tenui
552 1106 643 1170 victu
657 1105 798 1186 distabit,
815 1106 922 1170 Ofello

241 1206 262 1270 J
263 1206 356 1270 udice
367 1228 375 1269 :
398 1224 476 1269 nam
489 1205 608 1269 frustm
621 1206 738 1269 vitium
753 1205 905 1270 vitaveris
918 1205 1009 1286 mod.

241 1305 277 1370 Si
292 1316 322 1369 te
337 1304 725 1388 aliopravumdctorseris.
769 1306 959 1387 Avidienus,
1218 1308 1258 1371 56

241 1405 305 1468 Cui
320 1405 419 1469 Canis
434 1424 476 1468 ex
491 1424 567 1467 vero
581 1404 706 1469 dictum
720 1424 899 1487 cognomen
914 1404 1076 1486 adhaeret,

241 1506 482 1587 Quinquennes
496 1504 586 1567 oleas
599 1515 649 1567 est
662 1515 695 1567 et
708 1505 869 1568 silvestria
882 1524 989 1585 corna,

241 1604 290 1667 Ac
304 1605 366 1667 nisi
380 1614 545 1673 mutatum
558 1604 660 1687 parcit
672 1603 850 1668 defundere
863 1605 986 1684 vinum,
1002 1615 1042 1684 et,

241 1705 345 1788 Cujus
358 1703 487 1768 odorem
501 1704 563 1767 olei
577 1722 721 1786 nequeas
736 1703 1031 1786 perferres-licebit

241 1802 299 1866 Ille
314 1805 442 1886 repotia,
457 1803 583 1866 natales
597 1803 719 1867 aliosve
733 1802 859 1867 dierum
1216 1803 1258 1866 6⁰

240 1904 356 1967 Festos
371 1903 500 1966 albatus
512 1903 794 1966 celebret—cornu
807 1903 876 1986 ipse
891 1901 994 1966 bilibri

240 2004 398 2067 Caulibus
413 2003 555 2083 instillat,
571 2003 687 2066 veteris
700 2021 767 2066 non
781 2020 899 2084 parcus
913 2001 1003 2063 aceti.

239 2101 343 2172 Quali
358 2102 455 2183 igitur
467 2101 557 2165 victu
572 2102 700 2185 sapiens
714 2111 829 2180 utetur,
844 2100 1007 2164 ethorum

238 2200 357 2264 Utrum
371 2201 570 2264 imitabitur?
614 2201 687 2264 Hac
702 2211 795 2284 urget
808 2200 915 2283 lupus,
931 2199 993 2262 hac
1007 2198 1108 2278 oanis,
1124 2198 1228 2262 aiunt.

120 2314 130 2329 ·
239 2297 388 2363 Mundus
401 2300 467 2380 erit,
482 2319 549 2382 qua
563 2319 629 2364 non
643 2300 785 2364 offendat
799 2299 946 2363 sordibus
960 2308 1058 2380 atque
1213 2298 1256 2362 65

239 2399 280 2462 In
294 2408 442 2463 neutram
457 2409 581 2482 partem
594 2399 703 2463 cultus
717 2399 822 2463 miser.
866 2399 929 2462 Hic
943 2417 1049 2480 neque
1063 2397 1174 2478 servis,

239 2497 353 2562 Albuti
367 2498 453 2561 senis
467 2498 624 2581 exemplo,
641 2498 721 2562 dum
736 2498 849 2563 munia
863 2496 953 2578 didit,

240 2598 366 2662 Saevus
380 2597 448 2677 erit,
464 2617 523 2661 nec
538 2598 593 2676 sic,
610 2609 648 2660 ut
661 2597 800 2680 simplex
815 2596 968 2676 Naevius,
985 2605 1120 2658 unctam

240 2697 396 2761 Convivis
410 2697 573 2780 praebebit
587 2716 726 2779 aquam:
742 2696 860 2759 vitium
874 2696 936 2758 boc
946 2713 1076 2777 quoqne
1086 2713 1256 2779 magnum

240 2796 359 2877 Accipe
373 2814 471 2876 nunc,
486 2794 593 2859 victus
609 2796 716 2859 tenuis
729 2813 815 2877 quae
829 2804 1016 2876 quantaque
1031 2812 1144 2858 secum
1214 2793 1259 2858 70

239 2894 370 2958 Afferat
414 2895 564 2977 Inprimis
578 2895 689 2958 valeas
703 2896 803 2958 bene:
825 2913 913 2973 nam,
928 2894 1037 2956 variae
1050 2912 1101 2956 res

240 2994 286 3057 Ut
298 3005 437 3058 noceant
451 2994 583 3069 homini,
597 2994 719 3073 credas,
735 3013 858 3057 memor
872 2993 960 3057 illins
974 3012 1076 3073 escae,

239 3094 338 3163 Quae
353 3093 491 3176 simplex
505 3092 583 3155 olim
598 3093 656 3157 tibi
669 3093 805 3174 sederit3
829 3105 864 3155 at
876 3091 974 3155 simul
990 3091 1072 3154 assis

240 3193 409 3271 Miscueris
423 3193 519 3273 elixa,
534 3193 632 3257 simul
647 3193 821 3275 conchylia
836 3191 947 3271 turdis

240 3292 360 3356 Dulcia
374 3312 408 3355 se
423 3294 458 3357 in
472 3293 570 3356 bilem
584 3302 710 3356 renent
724 3292 955 3372 stomachoque
971 3288 1151 3353 tumultum
1216 3290 1257 3353 76

240 3391 347 3455 Lenta
360 3392 439 3455 feret
452 3394 580 3475 pituita.
624 3391 731 3471 Vides,
747 3403 785 3454 ut
798 3390 940 3473 pallidus
954 3390 1060 3452 omnis

241 3489 352 3554 Coena
365 3490 518 3574 desurgat
531 3491 655 3557 dubial
698 3491 792 3561 Quin
806 3508 923 3573 corpus
937 3498 1090 3552 onustum

279 3718 524 3781 stremonium
589 3719 755 3771 bdductum.
821 3716 1023 3770 oudinum.
1090 3716 1224 3779 &ancit-

563 3798 940 3862 taqutmffennuoffendet.
