2842 4342
671 306 817 359 EPODON

394 469 481 533 Oum
496 466 606 531 Pallas
621 475 693 529 usto
707 465 802 528 vertit
816 465 899 528 iram
913 462 1029 529 abillo

436 568 477 631 In
494 567 628 649 impiam
642 564 750 648 Ajaeis
764 574 875 627 ratem.

399 664 429 732 Ο
442 675 586 748 quantus
600 664 699 727 instat
713 663 834 726 navitis
847 662 945 726 sudor
958 662 1032 742 tuis,

315 838 317 843 ‚
437 764 580 847 Tibique
595 763 697 845 pallor
710 761 828 842 luteus,

396 864 441 928 Et
455 864 512 928 illa
525 882 591 927 non
606 862 707 924 virilis
722 860 860 945 ejulatio,

438 962 553 1026 Preces
567 971 600 1023 et
613 979 765 1024 aversum
779 959 824 1022 od
837 960 961 1039 lovem,

395 1062 507 1124 Ionius
521 1059 587 1123 udo
600 1078 678 1122 cum
691 1059 877 1141 remugiens
891 1058 982 1121 sinna

437 1160 521 1224 Noto
535 1160 680 1222 carinam
694 1158 832 1241 ruperit!

395 1259 515 1342 Opima
529 1258 647 1341 quodsi
660 1257 780 1341 praeda
794 1275 894 1320 curvo
909 1255 1011 1320 littore
1045 1299 1054 1313 .

437 1359 586 1421 Porrecto
600 1376 728 1440 mergos
738 1357 869 1441 juveris,

395 1456 603 1521 libidinosus
618 1456 837 1521 immolabitur
850 1474 945 1538 caper

437 1556 482 1620 Et
495 1576 582 1640 agna
596 1556 869 1640 Tempestatibus.

615 2053 796 2116 OARMEN
823 2052 881 2114 xl.

562 2236 625 2278 AD
663 2235 931 2280 Pu‘r‘rrum.

323 2379 414 2462 Petri,
429 2380 509 2444 nihil
526 2400 587 2462 me,
602 2383 687 2446 sicut
701 2392 807 2464 antea,
817 2385 913 2468 juvat

363 2478 507 2545 Scribere
521 2480 705 2562 versiculos,
722 2480 838 2546 amore
844 2484 1034 2567 percussum
1048 2474 1148 2566 gravi,

321 2581 448 2659 Amore,
463 2581 520 2662 qui
535 2600 588 2644 me
602 2592 726 2665 praeter
739 2601 853 2646 omnes
867 2583 988 2666 expetit

365 2678 519 2744 Mollibus
533 2681 568 2743 ln
581 2682 689 2763 pueris
704 2692 764 2745 aut
777 2682 811 2745 in
826 2682 943 2766 puellis
957 2701 1056 2746 urere

322 2779 385 2842 Hic
400 2780 511 2844 tertius
526 2780 713 2862 December,
728 2802 771 2845 ex
786 2801 852 2865 quo
867 2782 974 2847 destiti
1233 2782 1256 2843 5

363 2877 499 2943 Inachia
512 2878 625 2960 furere,
641 2881 733 2944 silvis
747 2882 904 2946 bonorem
918 2880 1047 2944 decutit

321 2975 397 3039 Heu
411 2978 482 3040 me!
505 2998 561 3061 per
575 2979 818 3044 Urbem—nam
832 2980 932 3064 pudet
946 2979 1027 3043 tanti
1042 2977 1164 3042 mali-

363 3075 492 3140 Fabula
506 3088 629 3159 quanta
645 3077 714 3142 fui!
759 3080 993 3144 conviviorum
1006 3089 1039 3142 ot
1052 3077 1200 3161 poenitet,

320 3172 360 3236 ln
374 3185 449 3255 quts
463 3187 628 3240 amantem
643 3177 781 3259 languor
795 3188 827 3242 et
840 3178 1004 3242 silent-ium

260 3336 266 3349 ,
365 3271 487 3354 Arguit,
502 3283 535 3338 et
549 3274 646 3338 latere
660 3277 780 3359 petitus
795 3276 860 3341 imo
875 3277 1013 3361 spiritus.
1214 3273 1257 3338 10

321 3370 483 3434 Contrane
501 3371 628 3438 lnomm
642 3375 690 3439 nil
705 3375 811 3439 valere
826 3375 1005 3439 candidum

362 3468 518 3553 Pauperis
534 3474 726 3557 ingenium?
748 3476 904 3557 querebar
917 3450 1088 3558 applfrrans
1102 3471 1170 3551 tibi,

336 3634 365 3684 C.
377 3652 402 3686 x.
415 3638 454 3696 19,
463 3639 504 3689 20.
521 3642 575 3691 sinu
588 3641 675 3693 Notus.
742 3644 783 3694 22.
800 3642 920 3708 Projeotn,
931 3643 962 3694 de
973 3645 1053 3709 wnjo·
1066 3641 1163 3704 juverit.

289 3713 397 3769 (ΜΗ.
414 3719 557 3781 peculum.
623 3725 647 3775 8.
664 3735 691 3773 ut
702 3728 818 3786 poenitet.
885 3726 909 3775 9.
926 3722 1198 3786 amantemetlmm

654 3808 691 3855 ll.
709 3817 845 3868 contraqrre.
