2842 4342
652 333 852 387 canuntur!

415 488 514 559 Quae
528 488 626 552 simul
640 500 774 555 centum
787 492 890 575 tetigit
903 501 1066 576 potentem

416 586 552 670 Oppidis
567 589 701 653 Creten:
723 590 826 671 Pater,
842 611 862 655 ο
876 592 1024 657 relictum

416 686 661 768 Filiaenomen,
676 688 852 772 pietasque,
867 690 959 772 dixit,
1222 697 1264 763 35

499 785 594 850 Victa
608 786 734 851 furore!

416 995 536 1061 Unde?
566 999 646 1070 Quo
659 1000 761 1064 venii
797 1000 896 1065 levis
910 1021 978 1066 una
991 1022 1077 1068 mors
1090 1015 1140 1070 est

417 1095 587 1178 virginum
600 1097 725 1181 eulpae.
769 1099 957 1183 vigilansne
971 1102 1059 1185 ploro

416 1195 528 1278 Turpe
542 1198 762 1279 commissum,
778 1217 822 1262 an
836 1200 923 1264 vitiis
937 1213 1100 1267 carentem

500 1294 723 1379 Inditimago
1219 1303 1263 1366 40

416 1505 515 1586 Vane,
530 1526 615 1589 quae
629 1520 721 1592 porta
735 1510 863 1594 fugiens
877 1514 1001 1578 eburna

415 1604 587 1669 Somnium
600 1606 716 1672 ducit?
758 1610 919 1676 Meliusne
933 1612 1053 1677 fluctus

413 1702 463 1766 Ire
478 1723 534 1789 per
547 1705 659 1790 longos
672 1706 742 1788 fuit,
759 1728 802 1773 an
816 1721 958 1774 recentes

499 1804 636 1887 Carpere
650 1805 768 1871 flores?
896 1818 902 1827 '

413 2015 449 2079 Si
462 2017 537 2097 quis
552 2018 706 2084 infamem
720 2021 802 2085 mihi
816 2041 904 2086 nunc
913 2025 1092 2108 juvencum
1217 2025 1259 2090 45

413 2113 521 2178 Dedat
535 2116 642 2197 iratae,
658 2118 798 2183 lacerare
812 2121 893 2185 fene
907 2133 939 2188 et

267 2260 271 2269 .
413 2212 575 2296 Frangere
589 2216 693 2279 enitar
706 2217 803 2283 modo
817 2221 958 2287 multum
972 2223 1072 2288 amati

495 2312 628 2378 Cornua
642 2318 784 2382 monstri.

412 2506 588 2589 impudens
602 2511 684 2595 liqui
698 2516 817 2597 patrios
833 2517 978 2599 Penates,

412 2604 589 2689 [mpudens
604 2610 727 2676 Orcum
741 2633 852 2680 moror.
895 2618 927 2682 Ο
941 2618 1074 2682 deorum
1215 2618 1258 2683 50

410 2703 446 2769 Si
460 2707 534 2788 quis
549 2707 631 2773 haec
645 2711 749 2790 audis,
765 2714 891 2779 utinam
905 2717 987 2781 inter
999 2736 1100 2782 errem

495 2805 594 2873 Nuda
608 2808 736 2875 leones!

408 3000 595 3087 Antequam
610 3008 711 3090 turpis
726 3010 847 3074 macies
861 3011 1010 3077 decentes

364 3114 370 3121 ·
410 3098 556 3188 Occupet
569 3103 674 3166 malas
689 3116 881 3191 teneraeque
897 3129 1015 3174 succus

409 3197 541 3265 Defluat
554 3202 700 3285 praedae,
716 3206 861 3287 speciosa
875 3227 995 3292 quaero
1213 3210 1256 3275 55

492 3299 627 3364 Pascere
644 3301 749 3385 tigres.

410 3491 488 3557 Vilis
503 3495 642 3581 Europe,
656 3509 747 3581 pater
760 3512 853 3585 urget
866 3502 1001 3568 absens:

280 3648 283 3653 .
406 3591 500 3662 Quid
514 3596 595 3661 mori
608 3599 741 3663 cessas?
783 3601 878 3667 Potes
892 3603 955 3668 hac
968 3603 1011 3666 nb
1024 3620 1102 3666 omo

683 3794 726 3846 48.
742 3800 813 3850 tent.
