2842 4342
468 379 828 433 mannam
918 423 923 433 .
1110 364 1157 439 51
1288 402 1291 407 ·

302 537 442 601 Ornatve
456 536 587 620 myrto?
607 556 706 619 quem
721 538 832 602 Venus
848 536 1003 601 arbitrum
1113 539 1158 606 st

302 635 396 700 Dicet
408 634 566 700 bibendi?
608 635 683 700 Non
696 654 757 719 ego
770 636 883 699 sanius
1006 641 1010 648 '

343 734 530 799 Bacchabor
544 732 687 799 Edonis:
710 744 836 817 recepto

384 833 489 897 Dulce
503 833 585 897 mihi
599 832 703 897 furere
717 842 767 897 est
780 833 895 898 amico.

500 1459 680 1522 onam
707 1459 801 1522 vm

462 1672 525 1715 An
560 1668 832 1716 BARINEN·

331 1861 407 1927 Uila
420 1863 448 1926 si
458 1862 540 1946 juris
554 1862 611 1926 tibi
625 1863 754 1948 pejerati

330 1962 446 2042 Poena,
460 1960 585 2041 Rarius,
596 1961 759 2025 nocuisset
773 1980 928 2045 unquam,

331 2059 436 2123 Dente
450 2060 478 2122 si
492 2059 583 2142 nigro
597 2058 699 2140 fieres,
714 2059 768 2123 vel
782 2079 850 2124 nno

414 2158 554 2242 Turpior
567 2158 680 2241 ungui,

329 2353 508 2418 Crederem.
550 2353 670 2434 Scdttr,
684 2352 783 2418 simul
797 2353 945 2436 obligasti
1003 2362 1008 2369 ’
1133 2357 1154 2420 5

331 2451 497 2517 Perfidum
511 2451 595 2515 votis
608 2462 716 2535 caput,
731 2452 880 2516 enitescis

332 2550 497 2615 Pulchrior
510 2549 615 2616 multo
624 2552 850 2635 juvenumque
863 2551 971 2635 prodis

413 2648 549 2713 Publica
562 2668 649 2713 cura.

330 2844 472 2928 Expedit
485 2845 596 2910 manis
610 2846 733 2910 cineres
746 2854 871 2928 opertos

331 2943 467 3025 Fallere,
481 2956 515 3008 et
528 2954 594 3008 tote
608 2946 769 3008 taciturna
783 2942 887 3007 noctis
1112 2941 1155 3008 10

300 3040 308 3051 '
331 3043 433 3127 Signa
446 3063 524 3108 cum
537 3044 634 3125 coelo,
650 3043 820 3127 gelidaque
834 3043 927 3107 divos

413 3142 517 3208 Morte
530 3153 685 3208 carentes.

330 3339 426 3404 Ridet
439 3341 511 3421 hoc,
526 3340 670 3423 inquam,
685 3340 796 3404 Venus
810 3338 889 3421 ipsa,
904 3337 1008 3403 rident

330 3439 501 3522 Simplices
515 3439 698 3523 Nymphae,
714 3437 801 3502 ferus
815 3446 846 3500 et
861 3437 997 3520 Cupido,

330 3539 464 3622 Semper
477 3539 625 3602 ardentes
640 3557 763 3602 acuens
778 3537 912 3620 sagittas
1115 3537 1156 3603 15

234 3625 238 3633 ’
415 3638 495 3702 s'ete
508 3648 651 3702 cruenta.
735 3711 737 3715 .

518 3836 547 3885 0.
558 3839 610 3887 viii.
622 3835 660 3886 1⁰.
677 3837 787 3886 adm.
