2842 4342
248 354 320 426 292
626 363 882 416 manemus

245 524 479 610 Quitepascit
492 542 576 607 ager,
593 533 669 587 tuus
683 534 740 602 est,
756 532 789 584 et
802 520 932 584 villicus
946 519 1034 600 Orbt,
1203 520 1272 585 16⁰

247 629 333 691 Cum
347 634 471 708 segetes
485 634 577 687 occat
591 623 648 687 tibi
662 641 740 686 mox
755 620 918 685 frumenta
931 619 1072 699 daturas,

246 728 298 791 Te
312 725 482 788 dominum
494 724 601 787 sentit.
646 722 716 786 Das
730 714 891 800 nummos,
908 720 1028 803 accipis
1044 737 1154 799 uvam,

249 824 367 904 Pullos,
382 842 454 902 ova,
469 821 590 886 eadum
604 820 734 885 temeti:
757 838 873 902 nempe
887 818 984 883 modo
999 819 1061 882 isto

250 924 423 988 Paullatim
438 922 589 986 mercaris
602 939 727 1004 agrum,
742 918 876 983 fortasse
891 919 1047 997 trecentis,

248 1026 316 1087 Aut
329 1023 429 1087 etiam
443 1041 550 1102 supra,
565 1038 775 1084 nummorum
789 1018 933 1085 millibus
946 1028 1101 1099 emptum
1204 1019 1272 1082 165

248 1121 340 1192 Quid
356 1121 457 1201 refert,
473 1121 567 1184 vivas
582 1130 752 1182 numerato
765 1137 869 1201 nuper
882 1137 926 1180 an
940 1117 1043 1180 oliml

250 1219 519 1303 Emptor-Aricini
533 1217 700 1301 quondam
715 1217 858 1282 Veientis
871 1228 904 1280 et
917 1216 988 1279 arvi

248 1319 406 1399 Emptum
419 1327 534 1380 coenat
547 1316 629 1397 olus,
644 1317 797 1399 quamvis
813 1316 905 1379 aliter
917 1324 1030 1398 putat3
1053 1316 1171 1398 emptis

152 1429 163 1449 ·
247 1417 317 1481 Sub
331 1425 458 1480 noctem
472 1414 614 1499 gelidam
628 1415 725 1499 lignis
739 1414 910 1479 calefactat
923 1415 1086 1495 ahenum,

247 1515 313 1580 Sed
327 1526 539 1597 vocatusque
553 1534 661 1595 suum,
676 1534 742 1597 qua
757 1514 896 1598 populus
911 1514 1015 1578 adsita
1029 1515 1123 1578 eertis
1204 1516 1271 1580 170

248 1616 420 1679 Limitibus
435 1615 544 1678 vicina
558 1613 676 1695 refugit
683 1614 811 1698 jurgia:
834 1624 991 1696 tanquam

248 1716 298 1779 Sit
311 1714 473 1798 proprium
488 1712 677 1796 quidquam,
691 1722 812 1797 puncto
825 1711 913 1795 quod
927 1712 1054 1776 mobilis
1068 1713 1167 1775 horae

248 1815 346 1879 Nunc
360 1833 461 1898 prece,
477 1832 565 1877 nunc
580 1813 688 1895 pretio,
703 1830 793 1891 nunc
808 1812 851 1892 vi,
865 1830 955 1875 nunc
969 1822 1068 1875 morte
1083 1831 1238 1895 suprema

248 1914 413 1978 Permutat
426 1912 572 1976 dominos
586 1922 619 1974 et
632 1911 727 1975 cedat
740 1913 774 1974 in
789 1911 891 1975 altera
900 1912 983 1995 Jura

247 2013 311 2094 Sic,
327 2012 405 2094 quia
418 2021 591 2095 perpetuus
605 2010 687 2074 nulli
701 2009 797 2075 datur
811 2029 901 2091 usus,
916 2021 948 2075 et
961 2012 1054 2075 heres
1204 2014 1269 2078 175

165 2152 172 2163 ·
248 2110 409 2175 Heredem
423 2110 555 2175 alterius
569 2109 659 2174 velut
673 2108 764 2174 unda
778 2111 963 2193 supervenit
976 2110 1108 2191 undam,

247 2207 341 2279 Quid
354 2209 419 2272 vici
433 2219 567 2291 prosunt
581 2218 639 2272 aut
652 2210 788 2273 horrea'!
810 2208 932 2292 quidve
947 2209 1093 2274 Calabris

246 2304 390 2371 Saltibus
405 2306 520 2391 adjecti
534 2307 670 2389 Lucani,
685 2308 715 2371 si
729 2309 820 2373 metit
834 2309 939 2372 Orcus

246 2403 391 2469 Grandia
404 2425 483 2470 cum
497 2408 614 2490 parvis,
629 2427 694 2471 nen
710 2408 882 2472 exorabilis
896 2408 998 2472 aurel

247 2506 411 2587 Gemmas,
426 2526 573 2587 marmor,
589 2508 676 2588 ebur,
692 2508 867 2590 Tyrrhena
882 2508 997 2592 sigilla,
1013 2507 1156 2589 tabellas
1203 2509 1267 2575 180

247 2606 435 2687 Argentum,
450 2616 556 2669 vestes
572 2607 709 2670 Gaetulo
724 2608 846 2671 murice
861 2608 985 2687 tinctas,

246 2706 333 2769 Sunt
346 2705 404 2787 qui
418 2724 484 2768 non
499 2705 658 2788 habeant3
681 2716 732 2769 est
745 2707 802 2788 qui
817 2725 882 2769 non
896 2718 988 2770 curat
1003 2708 1129 2772 habere.

246 2804 314 2868 Cur
328 2803 409 2867 alter
422 2802 558 2868 fratrum
573 2824 698 2868 cessare
713 2816 745 2868 et
760 2804 871 2869 ludere
885 2816 917 2869 et
932 2807 1011 2890 ungi

246 2902 408 2967 Praeferat
421 2903 558 2967 Herodis
572 2904 722 2987 palmetis
737 2906 922 2988 pinguibus,
938 2905 1020 2970 alter

247 3002 348 3066 Dives
362 3012 394 3066 et
409 3003 612 3085 importunus
626 3004 669 3069 ad
685 3006 835 3069 umbram
849 3005 932 3069 lucis
946 3007 1073 3070 abortu
1205 3006 1268 3070 185

246 3101 431 3165 silvestrem
446 3100 588 3165 fiammis
603 3115 636 3166 et
649 3103 731 3168 ferro
745 3105 871 3188 mitiget
884 3124 1008 3188 agrum,

246 3199 315 3264 Scit
329 3201 461 3280 Genius,
477 3200 585 3264 natale
600 3221 708 3266 comes
723 3204 780 3286 qui
796 3213 950 3286 temperat
964 3213 1096 3283 astrum,

246 3298 389 3362 Naturae
403 3298 485 3362 deus
500 3300 675 3382 humanae,
690 3302 834 3367 mortalis
848 3304 882 3366 in
897 3321 1014 3366 unum·

244 3396 410 3480 Quodque
424 3409 530 3482 caput,
546 3400 640 3464 vultu
655 3402 829 3483 mutabilis,
844 3402 939 3466 albus
952 3412 985 3465 et
998 3412 1074 3465 ater.

246 3495 333 3575 Utar,
348 3506 436 3560 etex
451 3498 587 3579 modico,
604 3510 766 3582 quantum
780 3520 829 3563 res
845 3511 962 3583 poscet,
977 3520 1092 3564 acervo
1206 3500 1267 3563 190

244 3592 386 3673 Tulliam,
402 3614 464 3659 nec
479 3608 633 3679 metuam,
648 3599 728 3681 quid
742 3600 783 3663 de
797 3618 850 3663 me
861 3598 985 3684 judieet
998 3601 1099 3680 heres,

664 3826 719 3877 161.
736 3827 842 3901 daturus
