2842 4342
539 326 696 380 nme
745 330 836 382 QX.

565 659 727 722 sedum
754 661 793 723 X.

209 898 335 977 Lucili,
350 919 454 984 queen
466 901 515 962 eie
528 900 713 981 mendeno,
730 911 807 967 tecte
825 904 957 984 Oeteeee,

166 996 353 1080 Deseemore
367 1006 432 1076 too,
444 1000 645 1082 pervincum,
661 1002 721 1085 qui
736 1003 823 1067 mole
834 1005 949 1088 sactes

165 1095 361 1159 Emendare
372 1105 476 1180 paret
489 1118 604 1162 ceretto
612 1121 627 1178 ,·
647 1100 705 1165 doc
719 1102 828 1166 lenius
841 1103 906 1182 ille,

166 1194 315 1280 Estque
328 1196 382 1258 vir
396 1196 519 1275 melior,
535 1197 634 1280 longe
647 1200 800 1265 subtilior
816 1202 880 1282 illo,

174 1294 246 1366 Qui
259 1294 407 1358 meltum
416 1315 503 1379 puer
518 1297 691 1362 etloricet
700 1301 851 1383 sendus
863 1302 943 1366 odie
1163 1307 1184 1369 ὅ

168 1392 387 1472 Eclectum,
402 1401 442 1457 ut
455 1404 539 1458 eeoct
552 1417 648 1481 opem
661 1399 720 1482 qui
731 1400 828 1483 serre
838 1403 946 1486 poetis

168 1492 327 1578 deliquio
337 1501 450 1576 poscet
463 1503 579 1559 metro
590 1497 744 1580 fastidia
757 1507 879 1579 neutra,

172 1590 479 1656 Grmematicomm
486 1596 636 1679 equilum
643 1597 861 1661 deducimus.
893 1596 937 1662 Ut
945 1600 1077 1663 redeam
1085 1601 1180 1664 illuc.-

168 1688 292 1772 Nempe
307 1691 518 1773 incomposito
532 1691 602 1756 dixi
617 1693 698 1776 pede
712 1714 838 1759 currere
853 1714 967 1759 versus

167 1787 283 1854 Lucilt
328 1790 416 1860 Quis
432 1800 500 1853 tem
514 1790 622 1855 Lucill
637 1790 744 1856 fautor
758 1795 863 1876 inepte
878 1803 935 1874 eet,

167 1887 212 1951 Ut
225 1907 291 1951 non
308 1888 371 1952 hoc
385 1887 547 1953 feteoturl
590 1891 635 1953 At
648 1890 744 1972 idem,
760 1890 849 1974 quod
863 1892 931 1955 sele
946 1892 1049 1956 multo

167 1986 288 2051 Urbem
302 1986 459 2067 defricuit,
475 1988 588 2053 eherte
602 1988 755 2055 laudetur
768 1990 892 2054 eedem

167 2084 234 2148 Nec
243 2096 354 2149 tamen
365 2086 427 2150 hoc
436 2087 737 2168 tribuene‚dederim
747 2109 876 2172 quoque
887 2101 1006 2174 cetere3
1018 2110 1097 2156 num
1107 2090 1183 2156 οἱοῦ

166 2182 210 2247 Et
223 2184 343 2248 Lnbert
356 2185 482 2266 mimos,
498 2197 535 2249 ut
549 2182 686 2269 pulc'hrn
700 2199 861 2271 poemate,
876 2190 979 2253 mirer.

167 2283 253 2367 Ergo
268 2302 336 2347 non
349 2285 428 2347 cetis
442 2294 499 2366 eet,
514 2285 582 2350 risu
596 2285 748 2351 diducere
762 2288 879 2352 rictum

166 2381 332 2447 Auditorie
343 2394 428 2464 ;-et
441 2394 490 2447 cet
504 2384 669 2466 quaedam
683 2396 794 2450 temen
807 2386 861 2450 hic
876 2407 1005 2470 quoque
1019 2388 1122 2452 virtue
1132 2409 1184 2452 :-

166 2482 228 2545 Est
241 2483 397 2546 brevitate
411 2501 501 2565 opue,
516 2494 554 2547 ut
567 2494 676 2549 currat
689 2486 856 2566 sententie,
871 2506 938 2551 neu
952 2506 987 2550 ee

167 2580 328 2664 Impediat
340 2582 447 2645 verbis
461 2581 566 2646 leneas
579 2585 788 2648 onerenulius
802 2604 917 2666 eurem
1144 2586 1185 2650 1⁰

168 2680 213 2743 Bt
226 2698 374 2743 sermone
387 2699 470 2763 opus
483 2693 533 2744 eet
547 2682 644 2745 modo
658 2683 748 2763 tristi,
763 2703 860 2767 scope
868 2686 986 2768 jocoso,

169 2778 370 2844 Defendente
384 2781 490 2844 vicem
504 2780 600 2844 modo
613 2782 748 2847 rhetoris
762 2795 859 2864 etque
874 2793 993 2866 poetae,

169 2877 336 2943 Interdum
350 2880 474 2959 urbani,
489 2880 649 2962 parcentis
664 2882 786 2946 viribus
800 2892 898 2964 etque

169 2978 391 3041 Extenuantie
404 2998 461 3041 eae
474 2980 630 3043 consulto.
673 2980 863 3045 Ridiculum
877 2982 943 3044 ucri

169 3077 299 3140 Fortius
313 3086 346 3139 et
359 3077 476 3140 melius
489 3096 629 3161 magnes
643 3078 833 3161 plerumque
847 3089 938 3145 scoot
951 3099 1010 3143 res.
1145 3079 1185 3143 15

169 3176 229 3257 Illi,
245 3176 365 3259 scripte
378 3176 499 3259 quibus
512 3176 679 3241 comoedia
692 3179 799 3260 prisca
812 3179 890 3242 virle
904 3189 961 3257 est,

169 3274 241 3338 Hoc
255 3273 394 3354 etebont,
409 3274 472 3338 hoc
487 3286 565 3340 sunt
578 3275 745 3358 imitandi3
768 3294 851 3358 quoe
865 3294 970 3358 neque
984 3276 1117 3358 pulcher

170 3373 391 3455 Hermogenes
404 3392 552 3456 unquam
567 3373 651 3458 legit,
667 3393 773 3456 neque
788 3374 903 3438 simius
917 3374 984 3453 iste,

170 3470 225 3536 Nil
239 3481 364 3554 praeter
378 3472 520 3536 Calvum
534 3482 568 3535 et
581 3472 697 3536 doctne
710 3483 841 3536 cantare
857 3471 1079 3536 Catullum.-

26 3638 29 3649 .
171 3571 214 3649 At
227 3589 388 3653 mgnum
402 3570 486 3651 feeit,
502 3571 589 3655 quod
604 3573 710 3637 verbis
724 3574 849 3635 Graeca
862 3571 989 3636 Latinis
1144 3571 1188 3636 2⁰

172 3668 388 3734 Miscuit-O
404 3671 465 3734 seri
480 3671 679 3736 studiorum!
702 3673 803 3754 quine
817 3672 938 3755 putetis

173 3767 314 3831 Difficile
328 3779 362 3831 et
375 3770 503 3849 mirum,
519 3770 647 3834 Rhodio
660 3770 749 3853 quod
764 3771 957 3835 Pitholeonti

665 3871 701 3933 9·
