2842 4342
518 371 679 426 LIBERI.
726 373 804 425 M.

144 520 333 597 nationum
345 512 441 613 prini‘s
454 529 586 594 venales
590 527 682 595 ἶιιῐὸῐ
695 538 812 593 ‘onusto

144 631 242 696 Μ
256 628 360 694 vlllrtts
375 624 519 709 humeln,
534 618 637 693 nlhflo
651 629 728 712 plus
741 624 882 715 {inalpini
896 638 996 712 quam

144 729 220 800 Qui
232 718 280 792 n'll
292 722 433 811 pnntrlt.
476 727 536 793 vn
550 722 612 807 (170,
627 727 708 809 quid
723 718 936 793 &sentinus

144 828 290 892 Naturae
304 827 388 891 fines
401 827 532 907 viventi,
543 828 865 911 Jugeracentuman
1121 830 1165 893 50

146 926 238 990 Mille
251 939 321 990 aret
327 927 430 991 t-At
443 945 545 989 suave
558 935 608 989 est
621 945 664 989 ex
679 944 800 1008 magno
814 926 923 990 tollere
938 946 1106 991 acervo.—

31 1090 37 1099 ,
147 1025 240 1089 Dum
252 1045 296 1088 ex
310 1042 411 1107 parvo
424 1024 516 1088 nobis
530 1022 724 1088 tantundem
738 1012 867 1089 haurire
882 1025 1057 1108 relinquas,

147 1124 217 1188 Gur
230 1135 290 1188 tna
303 1125 378 1208 plus
392 1122 507 1188 laudes
520 1124 661 1189 cumeris
675 1126 825 1207 granaria
839 1126 980 1190 nostris?

148 1222 202 1301 Ut,
217 1221 276 1287 tibi
290 1223 319 1286 si
332 1223 375 1285 sit
388 1240 469 1305 opus
483 1221 598 1305 liquidi
612 1241 679 1286 non
693 1223 835 1305 amplius
849 1244 932 1289 urna

147 1322 208 1384 Vel
221 1322 350 1404 cyatho,
365 1332 398 1385 et
411 1320 520 1385 dicas:
542 1340 663 1405 magno
676 1320 718 1384 ds
732 1321 869 1386 flumine
883 1325 1016 1390 mallem
1122 1330 1164 1393 55

147 1422 264 1492 Quam
277 1440 320 1484 ex
334 1422 397 1485 hoe
411 1420 566 1486 fonticulo
579 1420 775 1485 tantundem
789 1441 925 1487 sumere,
969 1425 1020 1489 Eo
1035 1426 1080 1507 fit,

147 1519 278 1584 Plenior
290 1530 326 1583 ut
341 1520 466 1602 siquos
480 1519 616 1585 delectet
629 1520 727 1603 copia
735 1522 833 1604 justo,

149 1621 237 1685 Cum
250 1621 320 1704 ripa
334 1621 433 1686 simul
446 1620 580 1685 avulsos
594 1620 676 1685 ferat
687 1620 831 1685 Aufidus
845 1641 927 1685 aner.

148 1721 264 1803 Atqui
278 1720 395 1785 tantuli
408 1730 489 1804 agat,
504 1729 627 1802 quanto
640 1728 690 1784 est
703 1738 795 1803 opus,
811 1720 839 1783 is
853 1739 959 1802 neque
973 1721 1052 1807 linio

148 1819 334 1884 Turbatam
341 1819 451 1883 haurit
459 1838 596 1901 uquam3
608 1837 714 1901 neque
723 1820 826 1882 vitam
835 1820 953 1882 amittit
961 1820 995 1882 in
1004 1820 1109 1884 undis
1124 1821 1168 1884 60

147 1918 193 1981 At
208 1919 292 1982 bona
305 1937 380 2001 pars
393 1918 573 1998 hominum,
587 1917 723 2000 decepta
736 1916 888 2000 cupidine
903 1918 994 2000 salso,

148 2017 205 2081 Nil
218 2017 298 2081 satis
311 2027 369 2097 est,
384 2017 490 2099 inquit
501 2037 510 2098 3
532 2016 611 2098 quia
624 2017 715 2098 tanti,
731 2027 894 2099 quantum
908 2018 1039 2099 habeas,
1054 2019 1152 2083 sis.-

147 2116 242 2188 Quid
255 2115 358 2181 facias
372 2116 445 2180 init
487 2116 611 2181 Jubeas
623 2116 781 2180 miserum
795 2136 874 2196 ease,
889 2115 1026 2181 libenter

147 2216 323 2286 Quatenus
337 2214 371 2280 id
385 2214 482 2279 facit:
505 2224 541 2279 ut
554 2214 691 2298 quidam
704 2224 900 2279 memoratur
913 2216 1053 2281 Athenis

148 2313 472 2395 Sordidusaedivas,
487 2314 598 2398 populi
611 2323 817 2379 eontsmners
833 2334 929 2378 voces
1124 2316 1167 2381 66

147 2413 203 2478 Sic
217 2412 350 2477 solitus:
371 2412 511 2497 populus
525 2432 578 2476 ms
592 2412 718 2494 sibilat3
741 2423 776 2477 st
789 2413 871 2477 mihi
886 2413 1007 2496 plaudo

148 2511 222 2595 lpse
235 2510 334 2592 domi,
349 2511 447 2575 simul
462 2531 502 2575 aa
515 2529 669 2576 nummos
682 2512 882 2595 nontemplor
896 2513 930 2576 in
945 2531 1029 2576 arca

17 2668 25 2681 .
148 2610 314 2676 Tantalus
330 2631 351 2676 a
365 2611 462 2676 labris
476 2611 589 2675 sitiens
602 2609 761 2694 fugientia
775 2620 885 2694 captat

149 2710 314 2774 Flumina
327 2757 335 2773 .
350 2708 463 2781 ‚Quid
477 2709 586 2774 rides?
628 2710 757 2774 Mutato
770 2711 900 2774 nomine
914 2709 954 2773 de
969 2719 1000 2772 te

148 2809 281 2872 Fabula
294 2818 458 2872 narratur:
480 2808 640 2892 congestis
654 2808 799 2890 undique
814 2809 917 2872 saccis
1124 2806 1168 2874 70

148 2904 309 2971 Indormis
323 2907 462 2988 inhians,
478 2918 510 2971 et
523 2916 684 2989 tanquam
697 2926 828 2990 parcere
843 2907 942 2971 saeris

149 3006 290 3089 Cogeris,
305 3018 363 3070 aut
377 3006 471 3089 pictis
484 3018 643 3089 tanquam
658 3006 799 3089 gaudere
816 3006 948 3071 tabellis

148 3105 273 3187 Nescis,
287 3124 353 3188 quo
368 3105 477 3170 valeat
490 3106 670 3171 nummus?
691 3125 791 3188 quern
804 3107 956 3189 praebeat
970 3104 1093 3170 usum?

151 3205 250 3269 Panis
264 3216 398 3286 ematur,
413 3207 493 3287 olus,
508 3207 578 3270 vini
593 3206 760 3285 sextarius,
777 3205 868 3285 adde,

149 3305 238 3375 Qun
252 3304 400 3369 humana
414 3306 475 3369 sibi
489 3305 597 3369 doleat
610 3315 728 3369 natura
741 3305 875 3387 negatis
1125 3303 1168 3368 ts

150 3405 204 3467 An
217 3403 351 3486 vigilare
366 3414 457 3468 metu
470 3405 664 3485 exanimem,
679 3414 854 3486 noctesque
869 3401 1003 3484 diesque

151 3501 339 3567 Formidare
353 3502 457 3565 malos
472 3501 567 3583 fures,
583 3503 740 3583 incendia,
757 3521 873 3580 servos,

152 3601 201 3667 Ne
215 3612 246 3666 te
260 3601 435 3685 compilent
448 3601 616 3686 fugientes,
632 3603 693 3666 hoc
703 3604 823 3687 juvat?
866 3601 991 3665 Horum

170 3770 212 3822 tt.
228 3769 345 3821 sentent
412 3771 453 3822 5⁰.
470 3771 693 3835 virentiadeornj.
759 3771 799 3820 55.
814 3770 906 3820 malim.
972 3770 1013 3820 57.
1031 3767 1145 3821 tuest.

438 3854 479 3903 59.
497 3852 597 3902 tantulo.
665 3852 704 3901 77.
723 3849 890 3908 melanium.
