2842 4342
516 331 705 383 mulam.
756 332 851 384 (tn.

388 488 518 555 Delenit
531 507 622 570 usus,
637 507 697 553 nee
712 448 857 554 Falema

434 587 513 653 Vitis
527 587 850 671 Achaemeniumque
864 597 1009 670 eostum;

348 799 416 864 Cur
428 797 615 864 invidendis
627 799 775 883 postibus
788 808 821 863 et
834 816 920 864 nove

350 898 494 964 Sublime
507 898 572 963 ritu
586 898 700 963 moliar
715 898 858 963 atrium?

391 997 459 1062 Our
471 996 557 1061 valle
571 1007 752 1082 permutem
766 996 890 1062 Sabina

432 1095 573 1162 Divitias
586 1094 803 1180 operosiores'i

625 1423 744 1437 ι-

562 1681 743 1744 OABMEN
771 1680 815 1743 IL
942 1728 948 1741 .

345 1888 529 1972 Angustam
543 1888 648 1952 amice
661 1887 849 1972 pauperiem
863 1886 931 1972 pati

346 1987 513 2052 Robustus
527 1987 594 2051 aeri
608 1987 725 2051 militie
739 2006 819 2071 puer

388 2085 571 2167 Gondiscat,
586 2095 619 2150 et
632 2086 770 2151 Parthos
782 2084 905 2151 fereees

430 2186 536 2251 Vexet
549 2205 649 2269 eques
663 2184 857 2251 metuendus
870 2186 975 2267 hasta,

344 2398 516 2485 Vitamque
532 2400 593 2464 sub
607 2398 684 2463 divo
696 2409 730 2463 et
744 2397 875 2483 trepidis
889 2408 967 2485 agat
1170 2400 1192 2465 5
1248 2472 1265 2503 ,ι

344 2498 385 2562 In
398 2500 503 2563 rebus.
547 2498 647 2564 Illum
660 2519 703 2563 ex
718 2499 888 2564 moenibus
903 2498 1036 2567 hosticis

390 2598 539 2663 Matrona
553 2597 703 2663 bellantis
721 2598 852 2682 tyranni

430 2697 632 2782 Prospiciens
645 2708 678 2761 et
692 2696 805 2762 adulta
819 2697 910 2780 virgo
976 2702 987 2719 '

345 2909 507 2994 Suspiret:
529 2911 633 2975 eheu!
655 2930 697 2974 ne
710 2909 802 2975 rudis
815 2908 984 2991 agminum

346 3010 491 3093 Sponsus
505 3010 644 3075 lacessat
656 3010 774 3094 regius,
788 3027 948 3093 asperum,
1151 3007 1192 3073 10

386 3109 506 3190 Taetu,
522 3110 656 3190 leonem,
671 3128 772 3192 quem
785 3119 920 3172 eruenta

427 3209 491 3274 Per
503 3209 627 3274 medias
641 3210 726 3292 rapit
738 3209 787 3272 ira
800 3207 924 3272 caedes.

345 3420 450 3485 Dulce
464 3433 497 3486 et
510 3421 663 3487 deeomm
677 3432 727 3485 est
740 3438 798 3505 pro
813 3420 918 3503 patria
931 3418 1031 3484 mori:

345 3519 433 3585 Mors
446 3532 479 3585 et
493 3521 645 3606 fugacem
659 3520 863 3605 persequitur
875 3520 990 3600 vintru,

275 3730 305 3782 0.
316 3733 332 3781 ῑ
343 3733 383 3784 tr.
400 3733 494 3786 delinit.
572 3737 600 3786 C.
611 3738 638 3787 ii.
652 3740 674 3787 l.
692 3734 839 3799 Manum,
849 3736 931 3787 amici.
1007 3734 1032 3786 5.
1048 3731 1095 3785 ue

583 3821 622 3869 rt.
639 3820 794 3880 prosequitur.
