2842 4342
408 372 413 381 .
472 326 627 379 oram
650 327 875 379 unomen
1108 308 1178 387 167

311 485 376 551 Cui
388 503 445 570 per
460 482 627 548 ardentem
641 484 711 548 sine
726 483 839 548 fiands
853 485 988 569 Trojam

312 586 432 649 Castus
446 586 583 664 Aeneas,
597 584 719 667 patriae
734 594 902 666 superstes,

312 684 467 749 Liberum
481 682 622 746 munivit
635 683 702 762 iter,
718 682 854 745 daturus

398 783 498 848 Plura
510 781 646 846 relictis:

314 982 368 1063 Dr,
383 982 496 1065 probos
510 999 615 1045 mores
629 979 726 1044 docili
735 981 900 1065 juventae,

315 1082 368 1162 Dr,
383 1081 540 1145 senectuti
554 1079 701 1163 placidae
715 1080 867 1162 quietem,

314 1180 474 1246 Romulae
488 1180 577 1263 genti
591 1179 666 1243 date
680 1198 813 1261 remque
828 1179 1014 1263 prolemque

402 1279 446 1344 Et
459 1279 559 1344 decus
573 1298 677 1343 omne.

316 1479 478 1560 Quaeque
492 1495 552 1540 vos
565 1477 669 1541 bobus
683 1488 855 1542 veneratur
868 1476 951 1541 albis

316 1576 434 1641 Clarus
448 1577 611 1641 Anchisae
626 1576 823 1660 Venerisque
838 1576 981 1660 sanguis,

319 1677 477 1760 Impetret,
492 1675 631 1743 bellante
646 1677 739 1759 prior,
751 1679 913 1761 jacentem

401 1776 500 1839 lanu
515 1776 549 1838 in
564 1775 698 1839 hostem.

319 1973 395 2038 Jam
409 1975 491 2038 mari
505 1986 651 2056 terraque
665 1992 785 2037 manus
799 1983 945 2057 potentes

320 2072 437 2137 Medus
451 2073 661 2155 Albanasque
676 2072 767 2136 timet
781 2091 926 2154 secures3

320 2172 395 2237 Jnm
408 2172 551 2255 Scythae
565 2191 719 2255 responsa
732 2182 855 2254 petunt,
871 2170 998 2255 superbi

403 2270 523 2354 Nuper,
538 2280 571 2334 et
584 2269 667 2334 Indi.

321 2467 396 2532 Jnm
410 2467 491 2532 fides
504 2478 537 2532 et
551 2488 617 2551 pax
631 2478 664 2532 et
677 2469 783 2532 honos
797 2467 964 2551 pudorque

321 2567 451 2631 Priscus
464 2577 497 2630 et
510 2568 658 2651 neglecta
672 2566 774 2630 redire
788 2567 890 2631 virtus

322 2665 437 2747 Audet,
453 2676 647 2751 apparetque
661 2667 757 2731 beata
771 2668 866 2750 pleno

405 2767 507 2850 Copia
520 2785 629 2831 cornu

322 2981 438 3063 Augur
451 2990 484 3044 et
497 2978 641 3064 fulgente
655 2981 792 3045 decorus
806 2999 885 3044 arcu

323 3078 474 3143 Phoebus
488 3091 704 3164 acceptusque
720 3099 838 3144 novem
854 3079 1017 3161 Camenis,

323 3179 394 3250 Qui
408 3178 541 3243 salutari
556 3180 643 3244 levat
657 3192 724 3244 arte
739 3179 839 3244 fessos

409 3278 556 3361 Corporis
570 3290 668 3360 artus,

323 3490 359 3556 Si
373 3491 540 3556 Palatinas
556 3493 643 3557 videt
658 3511 782 3575 aequus
797 3509 896 3570 arces,

324 3589 471 3675 Remque
485 3592 668 3657 Romanam
684 3592 880 3673 Latiumque
895 3589 972 3655 felix

202 3778 215 3799 ο
312 3805 353 3856 46.
370 3809 501 3859 senectutis
575 3807 616 3856 ⁴9.
635 3807 872 3869 Quique-imperet.
938 3805 978 3855 65.
997 3817 1059 3853 aras.
