2842 4342
530 368 794 421 mall.

278 524 379 598 Quod
393 524 421 588 si
436 524 557 608 pudiea
570 525 687 589 mulier
701 526 737 590 in
750 537 875 609 partem
883 528 977 613 juvet

320 626 467 690 Donum
480 635 578 707 atque
593 624 706 691 dulces
721 625 844 708 liberos,

280 725 400 791 Sabina
414 724 521 808 qualis
535 734 593 788 aut
606 735 738 807 penrsta
752 726 875 790 solibus

323 824 465 888 Pernioia
478 842 562 888 uxor
575 823 684 907 Apuli,

280 924 417 989 Sacrum
430 923 568 987 vetustis
582 933 729 986 exstruat
743 922 840 1006 lignis
855 923 974 1006 iocum,

323 1023 417 1087 Lassi
430 1023 493 1087 sub
507 1022 686 1086 adventum
699 1022 769 1103 viri,

282 1121 511 1205 claudensque
526 1122 624 1185 textis
638 1121 781 1186 cratibus
794 1122 917 1186 laetum
931 1141 1038 1206 pecus,

325 1221 474 1285 Distenta
488 1221 586 1285 siccet
600 1220 708 1302 ubera,

285 1320 329 1384 Et
342 1321 445 1385 horna
458 1319 547 1385 dulci
562 1321 640 1385 vina
654 1339 804 1404 promens
819 1321 914 1403 dolio,

324 1419 433 1503 Dapes
447 1420 607 1503 inemptas
621 1429 771 1503 apparet:

285 1516 358 1581 Non
373 1538 426 1582 me
439 1518 585 1584 Lucrina
593 1520 739 1603 juverint
751 1519 924 1601 conchylia

325 1617 473 1700 Megiste
486 1618 642 1682 rhombus
656 1627 716 1681 aut
729 1617 821 1698 scari,

285 1714 321 1780 si
335 1734 416 1797 quos
430 1715 497 1779 eois
512 1716 658 1779 intonata
672 1716 826 1780 fluctibus

326 1814 440 1877 Hiems
454 1814 498 1878 ad
512 1814 573 1878 hoo
588 1825 691 1878 vertat
704 1834 813 1897 mare3

285 1910 359 1975 Non
372 1912 452 1975 Afra
466 1913 537 1976 avis
551 1912 728 1978 descendat
741 1914 776 1977 in
790 1922 938 1978 ventrem
952 1931 1072 1994 meum,

327 2010 402 2075 Non
415 2022 546 2094 attagen
561 2013 691 2076 Ionicus

285 2110 471 2192 iucundior,
486 2130 587 2193 quam
601 2110 684 2176 lecta
699 2111 740 2176 de
755 2110 976 2195 pinguissimis

327 2209 425 2274 Oliva
438 2212 536 2274 ramis
550 2212 708 2291 arborum,

285 2309 352 2373 Aut
366 2310 467 2375 herba
481 2310 605 2393 lapathi
619 2320 713 2395 prata
726 2311 868 2376 amantis
881 2322 914 2375 et
927 2304 1020 2395 g'ravi

328 2408 458 2473 Malvae
473 2409 617 2474 salubres
631 2410 761 2493 corpori,

286 2506 345 2572 Vel
359 2527 446 2592 agna
460 2508 549 2573 sestis
562 2529 659 2573 caesa
673 2509 924 2590 Terminalibus,

328 2607 386 2671 Vel
399 2608 525 2672 haedus
538 2618 666 2693 ereptus
680 2608 765 2692 lupo.

288 2706 358 2769 Has
372 2707 453 2771 inter
466 2707 582 2791 epulas
597 2718 634 2772 ut
642 2710 739 2793 J'uvat
752 2718 862 2792 pastas
875 2726 953 2772 oves

331 2804 442 2871 Videre
455 2817 659 2891 properantes
674 2807 816 2888 domum,
876 2882 879 2887 Q

288 2904 402 2968 Videre
415 2903 516 2970 fessos
531 2925 695 2971 vomerem
709 2908 875 2971 inversum
888 2906 988 2969 boves

328 3003 420 3067 Collo
434 3006 596 3069 trahentes
611 3006 774 3090 languido,

286 3100 476 3187 Positosque
489 3125 615 3187 vemas,
631 3105 706 3170 ditis
721 3125 860 3169 examen
875 3104 1001 3186 domus,

329 3202 460 3267 Circum
474 3204 655 3269 renidentes
669 3206 770 3269 Lares
782 3206 790 3268 l

287 3299 377 3364 Haeo
392 3302 449 3366 ubi
463 3302 590 3368 loeutus
603 3302 782 3368 foenerator
796 3301 944 3387 Alphius,

327 3398 402 3463 Jam
411 3402 482 3485 jam
497 3401 626 3466 futums
640 3404 789 3482 rusticus,

288 3498 429 3563 Omnem
444 3500 566 3584 redegit
580 3502 692 3566 ldibus
706 3501 889 3584 pecuniam,

328 3598 466 3669 Quaerit
480 3600 634 3665 Calendis
648 3620 773 3683 ponere.
840 3596 843 3601 ’

542 3698 556 3729 Χ

296 3796 337 3847 ts.
355 3797 456 3849 Sacrum
467 3810 492 3849 et
502 3803 610 3850 vetustis.
677 3802 718 3850 54.
737 3797 825 3849 Ionius.
896 3799 936 3851 69.
953 3797 1046 3862 reuda

1125 628 1169 694 to

1129 1122 1172 1188 ta

1132 1618 1174 1682 to
