2842 4342
222 348 297 423 804
547 362 598 413 nn
624 361 722 411 sess
745 358 908 412 eomes.

263 520 408 590 Reddere
422 538 508 602 quse
522 517 643 582 serrum
656 517 754 598 valet,
768 535 880 580 exsors
894 516 965 599 ipsa
979 517 1111 581 secandi
1123 539 1133 581 t
1174 518 1248 583 305

262 620 387 684 Munus
401 630 433 681 et
447 617 593 681 officium
604 616 654 680 nil
668 617 811 681 scribens
824 617 893 698 ipse
907 614 1037 695 docebo,

263 718 359 784 Unde
373 728 526 800 parentur
540 735 624 800 opes,
640 714 721 798 quid
734 715 802 778 alat
816 714 994 797 formetque
1007 724 1145 797 poetam,

263 816 356 888 Quid
371 814 492 895 deceat,
508 815 587 898 quid
602 834 676 895 non,
691 832 758 896 quo
771 815 882 893 virtus,
897 833 962 895 quo
976 814 1056 877 serat
1070 833 1164 878 error.

263 916 431 981 Scribendi
444 925 529 978 recte
543 934 653 997 sepem
667 922 763 977 estet
776 912 970 996 principium
983 924 1016 976 et
1030 912 1122 976 sous:

264 1017 347 1080 Rern
363 1016 420 1079 tibi
435 1015 616 1079 Socraticae
630 1023 779 1096 poterunt
792 1010 958 1075 ostendere
971 1013 1111 1092 chartae,
1176 1013 1244 1077 310

263 1115 432 1195 Verbaque
446 1113 609 1197 provisam
622 1131 692 1175 rem
706 1130 773 1174 non
788 1111 891 1175 invita
905 1121 1089 1192 aequentur.

264 1214 334 1284 uui
349 1213 469 1292 didicit,
483 1211 604 1294 patriae
618 1211 697 1293 quid
711 1210 836 1291 debeat,
851 1209 976 1293 etquid
990 1210 1113 1291 amicis,

264 1314 343 1381 Quo
358 1311 400 1373 sit
413 1328 522 1374 amore
536 1328 661 1392 parens,
676 1328 744 1391 quo
757 1308 853 1373 iiater
867 1309 1029 1372 amandus
1044 1321 1077 1374 et
1090 1311 1218 1394 hospes,

263 1409 364 1479 Quod
379 1410 421 1473 sit
434 1409 614 1492 conscripti,
628 1407 716 1490 quod
726 1408 846 1492 judicis
859 1408 1012 1489 officium,
1027 1428 1113 1492 quae

268 1509 426 1572 Partesin
442 1508 565 1573 bellum
577 1507 670 1572 missi
684 1507 795 1590 ducis3
819 1507 872 1571 ille
888 1507 1026 1591 profecto
1177 1509 1241 1573 315

202 1688 206 1695 ι
264 1607 410 1672 Reddere
425 1627 579 1690 personae
594 1607 656 1671 scit
668 1608 895 1672 convenientia
908 1608 1035 1689 cuique.

266 1709 435 1791 Respicere
449 1707 616 1791 exemplar
629 1706 715 1771 vitae
730 1726 921 1790 morumque
930 1708 1050 1792 jubebo

266 1809 408 1872 Doctum
422 1806 624 1887 imitatorem,
639 1817 672 1869 et
685 1807 780 1870 vivas
793 1807 872 1870 hinc
884 1807 1001 1870 ducere
1015 1825 1121 1870 voces

266 1907 434 1972 Interdum
448 1908 592 1990 speciosa
606 1905 685 1970 locis
698 1916 887 1989 morataque
901 1916 984 1970 recte

267 2006 403 2086 Fabula,
419 2005 542 2070 nullius
556 2005 697 2085 Veneris,
713 2005 782 2069 sinc
796 2004 936 2088 pondere
950 2015 983 2068 et
996 2015 1071 2085 arte,
1178 2006 1242 2069 320

266 2105 402 2169 Valdius
416 2104 554 2168 oblectat
567 2104 726 2188 populum
739 2104 921 2187 meliusque
936 2115 1084 2185 moratur,

265 2204 379 2273 Quam
394 2223 507 2267 versus
522 2205 633 2287 inopes
646 2223 754 2268 rerum
768 2223 940 2287 nugaeque
953 2223 1098 2269 canorae

265 2301 371 2365 Graiis
385 2303 562 2385 ingenium,
578 2304 685 2368 Graiis
699 2302 788 2367 dedit
801 2323 854 2367 ore
869 2303 1005 2368 rotundo

265 2399 364 2463 Musa
378 2399 475 2483 ioqui,
490 2412 615 2484 praeter
628 2402 760 2466 laudem
774 2402 897 2466 nullius
912 2403 1029 2466 avaris

264 2498 406 2563 Romani
419 2500 510 2582 pueri
524 2499 629 2583 longis
643 2502 821 2565 rationibus
835 2520 943 2564 essem
1177 2503 1240 2566 325

266 2597 406 2662 Discunt
419 2598 454 2661 in
469 2610 575 2682 partes
589 2609 723 2667 centum
736 2600 895 2665 diducere
940 2601 1037 2666 Dicat

264 2697 370 2761 Filius
384 2697 514 2762 Albini:
536 2699 565 2762 si
578 2699 619 2762 de
632 2700 817 2781 quincunce
831 2710 953 2764 remota
965 2711 1016 2763 est

265 2796 380 2878 Uncia,
391 2796 472 2879 quid
486 2799 638 2881 superati
665 2799 797 2862 Poteras
811 2799 950 2863 dixisse:
972 2797 1219 2863 Tricas-Eu!

263 2894 348 2958 Rem
362 2896 479 2979 poteris
493 2916 621 2961 servare
636 2907 737 2961 tuam.
780 2897 878 2962 Redit
893 2899 998 2977 uncia,
1013 2896 1094 2980 quid
1109 2896 1148 2961 fit
1157 2898 1216 2960 i—

263 2992 378 3057 Scmis.
422 2994 466 3057 At
479 2994 561 3058 haec
575 2995 702 3060 animoa
717 3014 837 3078 aerugo
851 3006 884 3059 et
897 3015 975 3059 cura
988 2995 1097 3079 peculi
1176 2995 1241 3059 330

263 3091 350 3155 Cum
365 3091 464 3157 semel
479 3092 638 3174 imbuerit,
654 3114 822 3177 speramus
836 3094 982 3159 carmina
996 3094 1077 3176 fingi

262 3189 369 3270 Posse,
385 3191 518 3256 linenda
530 3192 626 3256 cedro
640 3204 672 3256 et
686 3194 751 3257 levi
765 3193 926 3257 servanda
940 3192 1114 3276 cupressoi
1140 3238 1145 3251 .

262 3289 331 3352 Aut
344 3289 494 3372 prodesse
507 3292 623 3356 volunt
637 3302 697 3355 aut
710 3292 868 3356 delectare
882 3302 1003 3375 poetae,

261 3385 330 3449 Aut
343 3388 441 3452 simul
455 3400 488 3453 et
497 3391 645 3475 jucunda
658 3402 692 3455 et
705 3391 822 3455 idonea
836 3392 940 3456 dicere
954 3392 1050 3455 vitae

262 3485 435 3568 Quidquid
449 3490 633 3574 praecipies,
648 3501 717 3554 esto
731 3492 844 3571 brevis,
861 3503 898 3555 ut
911 3492 973 3555 cito
988 3491 1076 3555 dicta
1174 3490 1239 3553 335

229 3727 288 3780 114.
304 3728 458 3792 qaid-qaid.
524 3732 582 3784 318.
599 3749 676 3784 verae
741 3734 799 3785 319.
812 3736 882 3797 jocis.
949 3735 1006 3787 396.
1024 3734 1227 3799 monadem

535 3812 593 3864 828.
610 3823 723 3877 superem
739 3814 799 3865 ibid.
814 3822 916 3879 poterat.
