<?xml version="1.0" encoding="UTF-8"?>
<!DOCTYPE html PUBLIC "-//W3C//DTD XHTML 1.0 Transitional//EN"
    "http://www.w3.org/TR/xhtml1/DTD/xhtml1-transitional.dtd">
<html xmlns="http://www.w3.org/1999/xhtml" xml:lang="en" lang="en">
 <head>
  <title>
</title>
<meta http-equiv="Content-Type" content="text/html;charset=utf-8" />
  <meta name='ocr-system' content='tesseract 3.04.00' />
  <meta name='ocr-capabilities' content='ocr_page ocr_carea ocr_par ocr_line ocrx_word'/>
</head>
<body>
  <div class='ocr_page' id='page_1' title='image "./workshorace09horagoog_0270.png"; bbox 0 0 2842 4342; ppageno 0'>
   <div class='ocr_carea' id='block_1_1' title="bbox 203 352 855 429">
    <p class='ocr_par' dir='ltr' id='par_1_1' title="bbox 203 352 855 429">
     <span class='ocr_line' id='line_1_1' title="bbox 203 352 855 429; baseline -0.017 -2"><span class='ocrx_word' id='word_1_1' title='bbox 203 422 207 429; x_wconf 87' lang='grc'>,</span> <span class='ocrx_word' id='word_1_2' title='bbox 247 352 318 422; x_wconf 72' lang='lat' dir='ltr'>tut</span> <span class='ocrx_word' id='word_1_3' title='bbox 641 365 855 418; x_wconf 67' lang='lat' dir='ltr'>eumenus</span> 
     </span>
    </p>
   </div>
   <div class='ocr_carea' id='block_1_2' title="bbox 246 520 1406 708">
    <p class='ocr_par' dir='ltr' id='par_1_2' title="bbox 246 520 1406 708">
     <span class='ocr_line' id='line_1_2' title="bbox 246 520 1257 607; baseline -0.015 -17"><span class='ocrx_word' id='word_1_4' title='bbox 246 524 449 590; x_wconf 81' lang='lat' dir='ltr'>Aedificente</span> <span class='ocrx_word' id='word_1_5' title='bbox 463 543 559 588; x_wconf 77' lang='lat' dir='ltr'>cesus</span> <span class='ocrx_word' id='word_1_6' title='bbox 573 533 633 607; x_wconf 91' lang='lat' dir='ltr'>qut</span> <span class='ocrx_word' id='word_1_7' title='bbox 646 523 778 587; x_wconf 70' lang='lat' dir='ltr'>senior?</span> <span class='ocrx_word' id='word_1_8' title='bbox 821 520 915 586; x_wconf 85' lang='lat' dir='ltr'>Adde</span> <span class='ocrx_word' id='word_1_9' title='bbox 929 540 1075 587; x_wconf 83' lang='lat' dir='ltr'>cruorem</span> <span class='ocrx_word' id='word_1_10' title='bbox 1197 523 1257 589; x_wconf 67' lang='lat'>275</span> 
     </span>
     <span class='ocr_line' id='line_1_3' title="bbox 246 621 1406 708; baseline -0.011 -18"><span class='ocrx_word' id='word_1_11' title='bbox 246 626 407 691; x_wconf 75' lang='lat' dir='ltr'>stultitiae</span> <span class='ocrx_word' id='word_1_12' title='bbox 422 634 520 706; x_wconf 83' lang='lat' dir='ltr'>atque</span> <span class='ocrx_word' id='word_1_13' title='bbox 534 624 645 708; x_wconf 75' lang='lat' dir='ltr'>ignem</span> <span class='ocrx_word' id='word_1_14' title='bbox 658 622 769 706; x_wconf 77' lang='lat' dir='ltr'>giudic</span> <span class='ocrx_word' id='word_1_15' title='bbox 783 632 935 686; x_wconf 82' lang='lat' dir='ltr'>scrutere.</span> <span class='ocrx_word' id='word_1_16' title='bbox 979 622 1086 702; x_wconf 88' lang='lat' dir='ltr'>Modo,</span> <span class='ocrx_word' id='word_1_17' title='bbox 1102 624 1244 707; x_wconf 72' lang='lat' dir='ltr'>inquam,</span> <span class='ocrx_word' id='word_1_18' title='bbox 1387 621 1406 675; x_wconf 62' lang='grc' dir='ltr'>ἐ</span> 
     </span>
    </p>
   </div>
   <div class='ocr_carea' id='block_1_3' title="bbox 245 722 1406 1502">
    <p class='ocr_par' dir='ltr' id='par_1_3' title="bbox 245 722 1406 1502">
     <span class='ocr_line' id='line_1_4' title="bbox 245 722 1038 807; baseline -0.005 -18"><span class='ocrx_word' id='word_1_19' title='bbox 245 725 384 790; x_wconf 78' lang='lat' dir='ltr'>Hellade</span> <span class='ocrx_word' id='word_1_20' title='bbox 398 744 551 807; x_wconf 82' lang='lat' dir='ltr'>percusse</span> <span class='ocrx_word' id='word_1_21' title='bbox 565 724 689 788; x_wconf 79' lang='lat' dir='ltr'>Murius</span> <span class='ocrx_word' id='word_1_22' title='bbox 702 741 780 786; x_wconf 85' lang='lat' dir='ltr'>eum</span> <span class='ocrx_word' id='word_1_23' title='bbox 793 722 983 805; x_wconf 78' lang='lat' dir='ltr'>praecipitet</span> <span class='ocrx_word' id='word_1_24' title='bbox 996 742 1038 800; x_wconf 86' lang='lat' dir='ltr'>se,</span> 
     </span>
     <span class='ocr_line' id='line_1_5' title="bbox 246 822 1028 891; baseline -0.009 0"><span class='ocrx_word' id='word_1_25' title='bbox 246 826 388 891; x_wconf 76' lang='lat' dir='ltr'>Gemitus</span> <span class='ocrx_word' id='word_1_26' title='bbox 402 823 488 888; x_wconf 73' lang='lat' dir='ltr'>suit?</span> <span class='ocrx_word' id='word_1_27' title='bbox 509 842 554 887; x_wconf 84' lang='lat' dir='ltr'>en</span> <span class='ocrx_word' id='word_1_28' title='bbox 568 832 749 886; x_wconf 75' lang='lat' dir='ltr'>commotae</span> <span class='ocrx_word' id='word_1_29' title='bbox 762 822 896 885; x_wconf 89' lang='lat' dir='ltr'>crimine</span> <span class='ocrx_word' id='word_1_30' title='bbox 910 822 1028 885; x_wconf 88' lang='lat' dir='ltr'>mentis</span> 
     </span>
     <span class='ocr_line' id='line_1_6' title="bbox 245 920 1405 1007; baseline -0.007 -16"><span class='ocrx_word' id='word_1_31' title='bbox 245 926 404 991; x_wconf 72' lang='lat' dir='ltr'>Absolves</span> <span class='ocrx_word' id='word_1_32' title='bbox 417 924 592 1004; x_wconf 85' lang='lat' dir='ltr'>hominem,</span> <span class='ocrx_word' id='word_1_33' title='bbox 607 933 640 986; x_wconf 94' lang='lat' dir='ltr'>et</span> <span class='ocrx_word' id='word_1_34' title='bbox 652 921 781 1007; x_wconf 79' lang='lat' dir='ltr'>sceleris</span> <span class='ocrx_word' id='word_1_35' title='bbox 795 920 967 985; x_wconf 78' lang='lat' dir='ltr'>damnabis</span> <span class='ocrx_word' id='word_1_36' title='bbox 980 922 1129 1002; x_wconf 86' lang='lat' dir='ltr'>eundem,</span> <span class='ocrx_word' id='word_1_37' title='bbox 1399 968 1405 970; x_wconf 82' lang='lat'><em>-</em></span> 
     </span>
     <span class='ocr_line' id='line_1_7' title="bbox 246 1019 1406 1107; baseline -0.005 -16"><span class='ocrx_word' id='word_1_38' title='bbox 246 1026 302 1091; x_wconf 82' lang='lat' dir='ltr'>Ex</span> <span class='ocrx_word' id='word_1_39' title='bbox 316 1045 404 1089; x_wconf 87' lang='lat' dir='ltr'>more</span> <span class='ocrx_word' id='word_1_40' title='bbox 418 1025 587 1107; x_wconf 86' lang='lat' dir='ltr'>imponens</span> <span class='ocrx_word' id='word_1_41' title='bbox 600 1030 740 1105; x_wconf 78' lang='lat' dir='ltr'>cognate</span> <span class='ocrx_word' id='word_1_42' title='bbox 752 1019 916 1084; x_wconf 75' lang='lat' dir='ltr'>vocabula</span> <span class='ocrx_word' id='word_1_43' title='bbox 928 1020 1048 1085; x_wconf 65' lang='lat' dir='ltr'>rebus?</span> <span class='ocrx_word' id='word_1_44' title='bbox 1198 1021 1261 1087; x_wconf 82' lang='grc'>280</span> <span class='ocrx_word' id='word_1_45' title='bbox 1395 1034 1406 1090; x_wconf 66' lang='grc' dir='ltr'>ἓ</span> 
     </span>
     <span class='ocr_line' id='line_1_8' title="bbox 246 1120 1406 1205; baseline -0.009 -14"><span class='ocrx_word' id='word_1_46' title='bbox 246 1126 430 1191; x_wconf 86' lang='lat' dir='ltr'>Libertinus</span> <span class='ocrx_word' id='word_1_47' title='bbox 444 1132 520 1204; x_wconf 81' lang='lat' dir='ltr'>erat,</span> <span class='ocrx_word' id='word_1_48' title='bbox 535 1122 593 1205; x_wconf 91' lang='lat' dir='ltr'>qui</span> <span class='ocrx_word' id='word_1_49' title='bbox 606 1122 731 1185; x_wconf 88' lang='lat' dir='ltr'>circum</span> <span class='ocrx_word' id='word_1_50' title='bbox 744 1121 885 1203; x_wconf 82' lang='lat' dir='ltr'>compita</span> <span class='ocrx_word' id='word_1_51' title='bbox 898 1120 1005 1184; x_wconf 86' lang='lat' dir='ltr'>siccus</span> <span class='ocrx_word' id='word_1_52' title='bbox 1397 1130 1406 1172; x_wconf 70' lang='grc' dir='ltr'>ε</span> 
     </span>
     <span class='ocr_line' id='line_1_9' title="bbox 246 1220 1161 1302; baseline -0.009 -12"><span class='ocrx_word' id='word_1_53' title='bbox 246 1225 362 1290; x_wconf 81' lang='lat' dir='ltr'>Lentis</span> <span class='ocrx_word' id='word_1_54' title='bbox 375 1242 472 1288; x_wconf 84' lang='lat' dir='ltr'>mune</span> <span class='ocrx_word' id='word_1_55' title='bbox 485 1241 587 1286; x_wconf 83' lang='lat' dir='ltr'>senex</span> <span class='ocrx_word' id='word_1_56' title='bbox 600 1221 753 1285; x_wconf 85' lang='lat' dir='ltr'>munibus</span> <span class='ocrx_word' id='word_1_57' title='bbox 766 1221 922 1302; x_wconf 82' lang='lat' dir='ltr'>currebat,</span> <span class='ocrx_word' id='word_1_58' title='bbox 937 1228 977 1300; x_wconf 87' lang='lat' dir='ltr'>et,</span> <span class='ocrx_word' id='word_1_59' title='bbox 992 1220 1161 1299; x_wconf 85' lang='lat' dir='ltr'>Unum,-</span> 
     </span>
     <span class='ocr_line' id='line_1_10' title="bbox 246 1319 1240 1405; baseline -0.005 -18"><span class='ocrx_word' id='word_1_60' title='bbox 246 1325 340 1395; x_wconf 78' lang='lat' dir='ltr'>Quid</span> <span class='ocrx_word' id='word_1_61' title='bbox 354 1334 423 1387; x_wconf 80' lang='lat' dir='ltr'>tem</span> <span class='ocrx_word' id='word_1_62' title='bbox 435 1320 619 1405; x_wconf 72' lang='lat' dir='ltr'>megnumi</span> <span class='ocrx_word' id='word_1_63' title='bbox 639 1319 911 1384; x_wconf 76' lang='lat' dir='ltr'>addens-unum</span> <span class='ocrx_word' id='word_1_64' title='bbox 924 1339 978 1383; x_wconf 89' lang='lat' dir='ltr'>me</span> <span class='ocrx_word' id='word_1_65' title='bbox 992 1320 1112 1403; x_wconf 78' lang='lat' dir='ltr'>surpite</span> <span class='ocrx_word' id='word_1_66' title='bbox 1127 1319 1240 1384; x_wconf 87' lang='lat' dir='ltr'>morti!</span> 
     </span>
     <span class='ocr_line' id='line_1_11' title="bbox 247 1420 1053 1502; baseline -0.004 -16"><span class='ocrx_word' id='word_1_67' title='bbox 247 1423 308 1486; x_wconf 79' lang='lat' dir='ltr'>Dis</span> <span class='ocrx_word' id='word_1_68' title='bbox 322 1422 443 1486; x_wconf 82' lang='lat' dir='ltr'>etenim</span> <span class='ocrx_word' id='word_1_69' title='bbox 455 1421 551 1486; x_wconf 77' lang='lat' dir='ltr'>facile</span> <span class='ocrx_word' id='word_1_70' title='bbox 565 1430 622 1501; x_wconf 77' lang='lat' dir='ltr'>cst,</span> <span class='ocrx_word' id='word_1_71' title='bbox 637 1420 767 1484; x_wconf 77' lang='lat' dir='ltr'>orabat:</span> <span class='ocrx_word' id='word_1_72' title='bbox 793 1438 894 1484; x_wconf 83' lang='lat' dir='ltr'>senus</span> <span class='ocrx_word' id='word_1_73' title='bbox 908 1420 1053 1502; x_wconf 86' lang='lat' dir='ltr'>utrisque</span> 
     </span>
    </p>
   </div>
   <div class='ocr_carea' id='block_1_4' title="bbox 246 1510 1405 1604">
    <p class='ocr_par' dir='ltr' id='par_1_4' title="bbox 246 1510 1405 1604">
     <span class='ocr_line' id='line_1_12' title="bbox 246 1510 1405 1604; baseline -0.003 -19"><span class='ocrx_word' id='word_1_74' title='bbox 246 1522 389 1585; x_wconf 84' lang='lat' dir='ltr'>Auribus</span> <span class='ocrx_word' id='word_1_75' title='bbox 403 1531 501 1604; x_wconf 83' lang='lat' dir='ltr'>etque</span> <span class='ocrx_word' id='word_1_76' title='bbox 515 1519 636 1601; x_wconf 81' lang='lat' dir='ltr'>oculis3</span> <span class='ocrx_word' id='word_1_77' title='bbox 658 1530 803 1584; x_wconf 85' lang='lat' dir='ltr'><strong>mentem</strong></span> <span class='ocrx_word' id='word_1_78' title='bbox 817 1519 879 1582; x_wconf 90' lang='lat' dir='ltr'>nisi</span> <span class='ocrx_word' id='word_1_79' title='bbox 893 1519 1051 1602; x_wconf 82' lang='lat' dir='ltr'>litigiosus</span> <span class='ocrx_word' id='word_1_80' title='bbox 1200 1518 1261 1583; x_wconf 74' lang='lat'>285</span> <span class='ocrx_word' id='word_1_81' title='bbox 1403 1510 1405 1567; x_wconf 76' lang='grc' dir='ltr'>ἶ</span> 
     </span>
    </p>
   </div>
   <div class='ocr_carea' id='block_1_5' title="bbox 120 1617 1405 1710">
    <p class='ocr_par' dir='ltr' id='par_1_5' title="bbox 120 1617 1405 1710">
     <span class='ocr_line' id='line_1_13' title="bbox 120 1617 1405 1710; baseline -0.011 -24"><span class='ocrx_word' id='word_1_82' title='bbox 120 1704 125 1710; x_wconf 78' lang='lat'>,</span> <span class='ocrx_word' id='word_1_83' title='bbox 246 1621 420 1704; x_wconf 78' lang='lat' dir='ltr'>Exciperet</span> <span class='ocrx_word' id='word_1_84' title='bbox 434 1619 594 1698; x_wconf 85' lang='lat' dir='ltr'>domiuus,</span> <span class='ocrx_word' id='word_1_85' title='bbox 609 1637 686 1682; x_wconf 88' lang='lat' dir='ltr'>cum</span> <span class='ocrx_word' id='word_1_86' title='bbox 700 1617 864 1682; x_wconf 84' lang='lat' dir='ltr'>venderet</span> <span class='ocrx_word' id='word_1_87' title='bbox 913 1618 985 1682; x_wconf 87' lang='lat' dir='ltr'>Hoc</span> <span class='ocrx_word' id='word_1_88' title='bbox 998 1636 1129 1701; x_wconf 86' lang='lat' dir='ltr'>quoque</span> <span class='ocrx_word' id='word_1_89' title='bbox 1143 1618 1262 1703; x_wconf 78' lang='lat' dir='ltr'>vulgus</span> <span class='ocrx_word' id='word_1_90' title='bbox 1404 1649 1405 1671; x_wconf 54' lang='lat' dir='ltr'>r</span> 
     </span>
    </p>
   </div>
   <div class='ocr_carea' id='block_1_6' title="bbox 246 1716 1268 3484">
    <p class='ocr_par' dir='ltr' id='par_1_6' title="bbox 247 1716 1024 1804">
     <span class='ocr_line' id='line_1_14' title="bbox 247 1716 1024 1804; baseline -0.003 -20"><span class='ocrx_word' id='word_1_91' title='bbox 247 1720 449 1804; x_wconf 78' lang='lat' dir='ltr'>Chrysippus</span> <span class='ocrx_word' id='word_1_92' title='bbox 463 1718 553 1801; x_wconf 87' lang='lat' dir='ltr'>ponit</span> <span class='ocrx_word' id='word_1_93' title='bbox 566 1716 709 1782; x_wconf 84' lang='lat' dir='ltr'>secunde</span> <span class='ocrx_word' id='word_1_94' title='bbox 723 1718 759 1781; x_wconf 92' lang='lat' dir='ltr'>in</span> <span class='ocrx_word' id='word_1_95' title='bbox 772 1728 868 1801; x_wconf 79' lang='lat' dir='ltr'>gente</span> <span class='ocrx_word' id='word_1_96' title='bbox 882 1716 1024 1782; x_wconf 65' lang='lat' dir='ltr'>Meneni</span> 
     </span>
    </p>

    <p class='ocr_par' dir='ltr' id='par_1_7' title="bbox 246 1815 1028 1904">
     <span class='ocr_line' id='line_1_15' title="bbox 246 1815 1028 1904; baseline -0.009 -19"><span class='ocrx_word' id='word_1_97' title='bbox 246 1821 379 1904; x_wconf 86' lang='lat' dir='ltr'>Jupiter,</span> <span class='ocrx_word' id='word_1_98' title='bbox 395 1819 541 1901; x_wconf 81' lang='lat' dir='ltr'>ingentes</span> <span class='ocrx_word' id='word_1_99' title='bbox 554 1818 612 1900; x_wconf 91' lang='lat' dir='ltr'>qui</span> <span class='ocrx_word' id='word_1_100' title='bbox 626 1816 687 1881; x_wconf 84' lang='lat' dir='ltr'>des</span> <span class='ocrx_word' id='word_1_101' title='bbox 700 1816 882 1899; x_wconf 76' lang='lat' dir='ltr'>adimisque</span> <span class='ocrx_word' id='word_1_102' title='bbox 896 1815 1028 1896; x_wconf 86' lang='lat' dir='ltr'>dolores,</span> 
     </span>
    </p>

    <p class='ocr_par' dir='ltr' id='par_1_8' title="bbox 247 1915 1069 2001">
     <span class='ocr_line' id='line_1_16' title="bbox 247 1915 1069 2001; baseline -0.009 -16"><span class='ocrx_word' id='word_1_103' title='bbox 247 1921 352 1985; x_wconf 84' lang='lat' dir='ltr'>Mater</span> <span class='ocrx_word' id='word_1_104' title='bbox 366 1919 412 1983; x_wconf 84' lang='lat' dir='ltr'>ait</span> <span class='ocrx_word' id='word_1_105' title='bbox 425 1918 515 2001; x_wconf 89' lang='lat' dir='ltr'>pueri</span> <span class='ocrx_word' id='word_1_106' title='bbox 529 1936 657 1981; x_wconf 86' lang='lat' dir='ltr'>menses</span> <span class='ocrx_word' id='word_1_107' title='bbox 666 1917 897 2000; x_wconf 79' lang='lat' dir='ltr'>jamquinque</span> <span class='ocrx_word' id='word_1_108' title='bbox 910 1915 1069 1995; x_wconf 78' lang='lat' dir='ltr'>cubantis,</span> 
     </span>
    </p>

    <p class='ocr_par' dir='ltr' id='par_1_9' title="bbox 248 2014 1263 2199">
     <span class='ocr_line' id='line_1_17' title="bbox 248 2014 1263 2102; baseline -0.003 -19"><span class='ocrx_word' id='word_1_109' title='bbox 248 2017 383 2102; x_wconf 81' lang='lat' dir='ltr'>Frigida</span> <span class='ocrx_word' id='word_1_110' title='bbox 396 2017 424 2081; x_wconf 89' lang='lat' dir='ltr'>si</span> <span class='ocrx_word' id='word_1_111' title='bbox 437 2035 577 2101; x_wconf 88' lang='lat' dir='ltr'>puerum</span> <span class='ocrx_word' id='word_1_112' title='bbox 590 2025 752 2098; x_wconf 72' lang='lat' dir='ltr'>quartana</span> <span class='ocrx_word' id='word_1_113' title='bbox 764 2015 934 2097; x_wconf 85' lang='lat' dir='ltr'>reliquerit,</span> <span class='ocrx_word' id='word_1_114' title='bbox 949 2015 1004 2078; x_wconf 88' lang='lat' dir='ltr'>illo</span> <span class='ocrx_word' id='word_1_115' title='bbox 1200 2014 1263 2080; x_wconf 77' lang='lat'>2⁹⁰</span> 
     </span>
     <span class='ocr_line' id='line_1_18' title="bbox 248 2113 955 2199; baseline -0.006 -18"><span class='ocrx_word' id='word_1_116' title='bbox 248 2117 347 2181; x_wconf 81' lang='lat' dir='ltr'>Mune</span> <span class='ocrx_word' id='word_1_117' title='bbox 362 2117 424 2198; x_wconf 86' lang='lat' dir='ltr'>die,</span> <span class='ocrx_word' id='word_1_118' title='bbox 438 2135 505 2199; x_wconf 90' lang='lat' dir='ltr'>quo</span> <span class='ocrx_word' id='word_1_119' title='bbox 519 2126 556 2180; x_wconf 95' lang='lat' dir='ltr'>tu</span> <span class='ocrx_word' id='word_1_120' title='bbox 570 2114 687 2179; x_wconf 90' lang='lat' dir='ltr'>indicis</span> <span class='ocrx_word' id='word_1_121' title='bbox 697 2114 829 2199; x_wconf 80' lang='lat' dir='ltr'>jejunia,</span> <span class='ocrx_word' id='word_1_122' title='bbox 845 2113 955 2178; x_wconf 87' lang='lat' dir='ltr'>nudus</span> 
     </span>
    </p>

    <p class='ocr_par' dir='ltr' id='par_1_10' title="bbox 246 2213 1017 2289">
     <span class='ocr_line' id='line_1_19' title="bbox 246 2213 1017 2289; baseline -0.005 -9"><span class='ocrx_word' id='word_1_123' title='bbox 246 2215 288 2280; x_wconf 91' lang='lat' dir='ltr'>In</span> <span class='ocrx_word' id='word_1_124' title='bbox 302 2214 414 2279; x_wconf 81' lang='lat' dir='ltr'>Tiberi</span> <span class='ocrx_word' id='word_1_125' title='bbox 428 2215 534 2279; x_wconf 81' lang='lat' dir='ltr'>stabit</span> <span class='ocrx_word' id='word_1_126' title='bbox 579 2215 686 2279; x_wconf 80' lang='lat' dir='ltr'>Gerus</span> <span class='ocrx_word' id='word_1_127' title='bbox 699 2213 889 2289; x_wconf 78' lang='lat' dir='ltr'>medicusve</span> <span class='ocrx_word' id='word_1_128' title='bbox 902 2213 1017 2277; x_wconf 78' lang='lat' dir='ltr'>levarit</span> 
     </span>
    </p>

    <p class='ocr_par' dir='ltr' id='par_1_11' title="bbox 247 2311 1012 2398">
     <span class='ocr_line' id='line_1_20' title="bbox 247 2311 1012 2398; baseline -0.001 -21"><span class='ocrx_word' id='word_1_129' title='bbox 247 2314 392 2397; x_wconf 81' lang='lat' dir='ltr'>Aegrum</span> <span class='ocrx_word' id='word_1_130' title='bbox 405 2332 449 2377; x_wconf 86' lang='lat' dir='ltr'>ex</span> <span class='ocrx_word' id='word_1_131' title='bbox 461 2313 637 2398; x_wconf 74' lang='lat' dir='ltr'>praecipiti,</span> <span class='ocrx_word' id='word_1_132' title='bbox 649 2323 755 2377; x_wconf 80' lang='lat' dir='ltr'>meter</span> <span class='ocrx_word' id='word_1_133' title='bbox 768 2311 870 2376; x_wconf 83' lang='lat' dir='ltr'>delire</span> <span class='ocrx_word' id='word_1_134' title='bbox 883 2312 1012 2377; x_wconf 82' lang='lat' dir='ltr'>necabit</span> 
     </span>
    </p>

    <p class='ocr_par' dir='ltr' id='par_1_12' title="bbox 248 2410 968 2496">
     <span class='ocr_line' id='line_1_21' title="bbox 248 2410 968 2496; baseline -0.001 -20"><span class='ocrx_word' id='word_1_135' title='bbox 248 2413 288 2476; x_wconf 90' lang='lat' dir='ltr'>In</span> <span class='ocrx_word' id='word_1_136' title='bbox 302 2411 409 2496; x_wconf 79' lang='lat' dir='ltr'>gelida</span> <span class='ocrx_word' id='word_1_137' title='bbox 422 2411 529 2476; x_wconf 85' lang='lat' dir='ltr'>fixum</span> <span class='ocrx_word' id='word_1_138' title='bbox 540 2413 620 2496; x_wconf 85' lang='lat' dir='ltr'>ripe,</span> <span class='ocrx_word' id='word_1_139' title='bbox 635 2411 814 2494; x_wconf 84' lang='lat' dir='ltr'>febrimque</span> <span class='ocrx_word' id='word_1_140' title='bbox 827 2410 968 2475; x_wconf 77' lang='lat' dir='ltr'>reducet</span> 
     </span>
    </p>

    <p class='ocr_par' dir='ltr' id='par_1_13' title="bbox 248 2508 1262 2795">
     <span class='ocr_line' id='line_1_22' title="bbox 248 2508 1262 2582; baseline -0.01 0"><span class='ocrx_word' id='word_1_141' title='bbox 248 2513 369 2582; x_wconf 80' lang='lat' dir='ltr'>Quone</span> <span class='ocrx_word' id='word_1_142' title='bbox 383 2512 472 2576; x_wconf 83' lang='lat' dir='ltr'>malo</span> <span class='ocrx_word' id='word_1_143' title='bbox 484 2523 629 2577; x_wconf 89' lang='lat' dir='ltr'>mentem</span> <span class='ocrx_word' id='word_1_144' title='bbox 642 2511 825 2576; x_wconf 67' lang='lat' dir='ltr'>concussa?</span> <span class='ocrx_word' id='word_1_145' title='bbox 868 2510 1001 2574; x_wconf 81' lang='lat' dir='ltr'>Timere</span> <span class='ocrx_word' id='word_1_146' title='bbox 1014 2508 1159 2574; x_wconf 84' lang='lat' dir='ltr'>deomm</span> <span class='ocrx_word' id='word_1_147' title='bbox 1201 2509 1262 2573; x_wconf 57' lang='lat' dir='ltr'>wi</span> 
     </span>
     <span class='ocr_line' id='line_1_23' title="bbox 248 2610 1163 2695; baseline -0.005 -18"><span class='ocrx_word' id='word_1_148' title='bbox 248 2611 340 2677; x_wconf 73' lang='lat' dir='ltr'>Haec</span> <span class='ocrx_word' id='word_1_149' title='bbox 354 2612 436 2677; x_wconf 87' lang='lat' dir='ltr'>mihi</span> <span class='ocrx_word' id='word_1_150' title='bbox 449 2613 630 2693; x_wconf 83' lang='lat' dir='ltr'>Stertinius,</span> <span class='ocrx_word' id='word_1_151' title='bbox 646 2613 833 2695; x_wconf 86' lang='lat' dir='ltr'>sapientum</span> <span class='ocrx_word' id='word_1_152' title='bbox 845 2620 989 2690; x_wconf 81' lang='lat' dir='ltr'>octavus,</span> <span class='ocrx_word' id='word_1_153' title='bbox 1004 2610 1110 2673; x_wconf 82' lang='lat' dir='ltr'>amico</span> <span class='ocrx_word' id='word_1_154' title='bbox 1161 2678 1163 2681; x_wconf 59' lang='grc'><strong>,</strong></span> 
     </span>
     <span class='ocr_line' id='line_1_24' title="bbox 249 2708 1033 2795; baseline -0.005 -19"><span class='ocrx_word' id='word_1_155' title='bbox 249 2712 350 2777; x_wconf 82' lang='lat' dir='ltr'>Arme</span> <span class='ocrx_word' id='word_1_156' title='bbox 363 2710 459 2792; x_wconf 80' lang='lat' dir='ltr'>dedit,</span> <span class='ocrx_word' id='word_1_157' title='bbox 475 2712 609 2795; x_wconf 79' lang='lat' dir='ltr'>posthac</span> <span class='ocrx_word' id='word_1_158' title='bbox 623 2724 665 2776; x_wconf 86' lang='lat' dir='ltr'>ue</span> <span class='ocrx_word' id='word_1_159' title='bbox 679 2709 887 2794; x_wconf 78' lang='lat' dir='ltr'>compeuner</span> <span class='ocrx_word' id='word_1_160' title='bbox 900 2708 1033 2773; x_wconf 75' lang='lat' dir='ltr'>inultus</span> 
     </span>
    </p>

    <p class='ocr_par' dir='ltr' id='par_1_14' title="bbox 249 2807 1088 2993">
     <span class='ocr_line' id='line_1_25' title="bbox 250 2807 1088 2894; baseline -0.004 -20"><span class='ocrx_word' id='word_1_161' title='bbox 250 2810 377 2875; x_wconf 82' lang='lat' dir='ltr'>Dixerit</span> <span class='ocrx_word' id='word_1_162' title='bbox 390 2811 546 2875; x_wconf 85' lang='lat' dir='ltr'>insanum</span> <span class='ocrx_word' id='word_1_163' title='bbox 558 2812 616 2894; x_wconf 92' lang='lat' dir='ltr'>qui</span> <span class='ocrx_word' id='word_1_164' title='bbox 630 2829 691 2891; x_wconf 87' lang='lat' dir='ltr'>me,</span> <span class='ocrx_word' id='word_1_165' title='bbox 706 2809 841 2873; x_wconf 86' lang='lat' dir='ltr'>totidem</span> <span class='ocrx_word' id='word_1_166' title='bbox 855 2807 974 2887; x_wconf 77' lang='lat' dir='ltr'>audiet,</span> <span class='ocrx_word' id='word_1_167' title='bbox 988 2816 1088 2890; x_wconf 81' lang='lat' dir='ltr'>utque</span> 
     </span>
     <span class='ocr_line' id='line_1_26' title="bbox 249 2907 1035 2993; baseline -0.005 -20"><span class='ocrx_word' id='word_1_168' title='bbox 249 2909 419 2992; x_wconf 80' lang='lat' dir='ltr'>Respicere</span> <span class='ocrx_word' id='word_1_169' title='bbox 433 2910 543 2993; x_wconf 81' lang='lat' dir='ltr'>ignoto</span> <span class='ocrx_word' id='word_1_170' title='bbox 556 2910 659 2975; x_wconf 87' lang='lat' dir='ltr'>discet</span> <span class='ocrx_word' id='word_1_171' title='bbox 672 2907 847 2992; x_wconf 83' lang='lat' dir='ltr'>pendentis</span> <span class='ocrx_word' id='word_1_172' title='bbox 860 2916 1001 2989; x_wconf 77' lang='lat' dir='ltr'>tergu-</span> <span class='ocrx_word' id='word_1_173' title='bbox 1032 2930 1035 2935; x_wconf 90' lang='lat'>·</span> 
     </span>
    </p>

    <p class='ocr_par' dir='ltr' id='par_1_15' title="bbox 250 2993 1268 3289">
     <span class='ocr_line' id='line_1_27' title="bbox 250 2993 1268 3091; baseline -0.004 -18"><span class='ocrx_word' id='word_1_174' title='bbox 250 3009 365 3088; x_wconf 80' lang='lat' dir='ltr'>Stoice,</span> <span class='ocrx_word' id='word_1_175' title='bbox 380 3018 452 3091; x_wconf 82' lang='lat' dir='ltr'>post</span> <span class='ocrx_word' id='word_1_176' title='bbox 465 3008 625 3073; x_wconf 80' lang='lat' dir='ltr'>damnum</span> <span class='ocrx_word' id='word_1_177' title='bbox 640 3009 687 3072; x_wconf 87' lang='lat' dir='ltr'>sic</span> <span class='ocrx_word' id='word_1_178' title='bbox 701 3007 827 3072; x_wconf 79' lang='lat' dir='ltr'>vendes</span> <span class='ocrx_word' id='word_1_179' title='bbox 841 3006 955 3070; x_wconf 82' lang='lat' dir='ltr'>omnia</span> <span class='ocrx_word' id='word_1_180' title='bbox 967 2993 1077 3088; x_wconf 74' lang='lat' dir='ltr'>pluris,</span> <span class='ocrx_word' id='word_1_181' title='bbox 1203 3005 1268 3069; x_wconf 80' lang='lat'>30⁰</span> 
     </span>
     <span class='ocr_line' id='line_1_28' title="bbox 250 3106 1110 3189; baseline -0.005 -17"><span class='ocrx_word' id='word_1_182' title='bbox 250 3108 332 3179; x_wconf 78' lang='lat' dir='ltr'>Qua</span> <span class='ocrx_word' id='word_1_183' title='bbox 344 3124 398 3170; x_wconf 89' lang='lat' dir='ltr'>me</span> <span class='ocrx_word' id='word_1_184' title='bbox 412 3106 556 3188; x_wconf 77' lang='lat' dir='ltr'>stultitia,</span> <span class='ocrx_word' id='word_1_185' title='bbox 572 3107 729 3189; x_wconf 81' lang='lat' dir='ltr'>quonism</span> <span class='ocrx_word' id='word_1_186' title='bbox 742 3126 809 3170; x_wconf 90' lang='lat' dir='ltr'>non</span> <span class='ocrx_word' id='word_1_187' title='bbox 823 3115 873 3169; x_wconf 82' lang='lat' dir='ltr'>est</span> <span class='ocrx_word' id='word_1_188' title='bbox 886 3123 990 3188; x_wconf 83' lang='lat' dir='ltr'>genus</span> <span class='ocrx_word' id='word_1_189' title='bbox 1004 3122 1110 3168; x_wconf 91' lang='lat' dir='ltr'>unum</span> 
     </span>
     <span class='ocr_line' id='line_1_29' title="bbox 251 3203 1133 3289; baseline -0.005 -19"><span class='ocrx_word' id='word_1_190' title='bbox 251 3205 397 3270; x_wconf 75' lang='lat' dir='ltr'>Insanus</span> <span class='ocrx_word' id='word_1_191' title='bbox 411 3205 532 3288; x_wconf 63' lang='lat' dir='ltr'>putes?</span> <span class='ocrx_word' id='word_1_192' title='bbox 575 3204 648 3289; x_wconf 79' lang='lat' dir='ltr'>Ego</span> <span class='ocrx_word' id='word_1_193' title='bbox 662 3225 743 3269; x_wconf 83' lang='lat' dir='ltr'>nem</span> <span class='ocrx_word' id='word_1_194' title='bbox 757 3204 869 3269; x_wconf 86' lang='lat' dir='ltr'>videor</span> <span class='ocrx_word' id='word_1_195' title='bbox 882 3203 965 3268; x_wconf 88' lang='lat' dir='ltr'>mihi</span> <span class='ocrx_word' id='word_1_196' title='bbox 977 3220 1133 3267; x_wconf 78' lang='lat' dir='ltr'>sanus—</span> 
     </span>
    </p>

    <p class='ocr_par' dir='ltr' id='par_1_16' title="bbox 251 3304 1216 3484">
     <span class='ocr_line' id='line_1_30' title="bbox 251 3304 1216 3389; baseline -0.004 -20"><span class='ocrx_word' id='word_1_197' title='bbox 251 3304 368 3376; x_wconf 80' lang='lat' dir='ltr'>uuidt</span> <span class='ocrx_word' id='word_1_198' title='bbox 389 3315 490 3389; x_wconf 85' lang='lat' dir='ltr'>caput</span> <span class='ocrx_word' id='word_1_199' title='bbox 503 3305 687 3369; x_wconf 82' lang='lat' dir='ltr'>abscissum</span> <span class='ocrx_word' id='word_1_200' title='bbox 700 3305 853 3369; x_wconf 84' lang='lat' dir='ltr'>menibus</span> <span class='ocrx_word' id='word_1_201' title='bbox 866 3322 945 3368; x_wconf 89' lang='lat' dir='ltr'>cum</span> <span class='ocrx_word' id='word_1_202' title='bbox 958 3311 1063 3385; x_wconf 84' lang='lat' dir='ltr'>portet</span> <span class='ocrx_word' id='word_1_203' title='bbox 1077 3304 1193 3386; x_wconf 81' lang='lat' dir='ltr'>Aguve</span> <span class='ocrx_word' id='word_1_204' title='bbox 1211 3321 1216 3329; x_wconf 77' lang='grc'><strong><em>’</em></strong></span> 
     </span>
     <span class='ocr_line' id='line_1_31' title="bbox 253 3402 1019 3484; baseline -0.003 -16"><span class='ocrx_word' id='word_1_205' title='bbox 253 3404 352 3468; x_wconf 86' lang='lat' dir='ltr'>Gnnti</span> <span class='ocrx_word' id='word_1_206' title='bbox 366 3403 511 3484; x_wconf 84' lang='lat' dir='ltr'>infelicis,</span> <span class='ocrx_word' id='word_1_207' title='bbox 527 3405 589 3469; x_wconf 88' lang='lat' dir='ltr'>sibi</span> <span class='ocrx_word' id='word_1_208' title='bbox 603 3414 675 3468; x_wconf 91' lang='lat' dir='ltr'>tum</span> <span class='ocrx_word' id='word_1_209' title='bbox 688 3403 810 3468; x_wconf 82' lang='lat' dir='ltr'>furiose</span> <span class='ocrx_word' id='word_1_210' title='bbox 822 3403 951 3468; x_wconf 79' lang='lat' dir='ltr'>videtur</span> <span class='ocrx_word' id='word_1_211' title='bbox 958 3402 1019 3466; x_wconf 74' lang='lat' dir='ltr'>i—</span> 
     </span>
    </p>
   </div>
   <div class='ocr_carea' id='block_1_7' title="bbox 252 3498 1271 3585">
    <p class='ocr_par' dir='ltr' id='par_1_17' title="bbox 252 3498 1271 3603">
     <span class='ocr_line' id='line_1_32' title="bbox 252 3498 1271 3585; baseline -0.005 -17"><span class='ocrx_word' id='word_1_212' title='bbox 252 3501 399 3568; x_wconf 81' lang='lat' dir='ltr'>stultum</span> <span class='ocrx_word' id='word_1_213' title='bbox 412 3521 465 3568; x_wconf 87' lang='lat' dir='ltr'>me</span> <span class='ocrx_word' id='word_1_214' title='bbox 479 3502 589 3585; x_wconf 76' lang='lat' dir='ltr'>fateor,</span> <span class='ocrx_word' id='word_1_215' title='bbox 604 3504 700 3569; x_wconf 84' lang='lat' dir='ltr'>liceat</span> <span class='ocrx_word' id='word_1_216' title='bbox 711 3502 888 3568; x_wconf 84' lang='lat' dir='ltr'>concedere</span> <span class='ocrx_word' id='word_1_217' title='bbox 901 3501 996 3581; x_wconf 81' lang='lat' dir='ltr'>veris,</span> <span class='ocrx_word' id='word_1_218' title='bbox 1207 3498 1271 3563; x_wconf 72' lang='lat' dir='ltr'>sot</span> 
     </span>
    </p>
   </div>
   <div class='ocr_carea' id='block_1_8' title="bbox 311 3739 1215 3886">
    <p class='ocr_par' dir='ltr' id='par_1_18' title="bbox 311 3739 1215 3886">
     <span class='ocr_line' id='line_1_33' title="bbox 311 3739 1215 3810; baseline -0.004 -13"><span class='ocrx_word' id='word_1_219' title='bbox 311 3744 704 3810; x_wconf 59' lang='lat' dir='ltr'>ut.mm0‚nnm.</span> <span class='ocrx_word' id='word_1_220' title='bbox 769 3739 1215 3806; x_wconf 54' lang='lat' dir='ltr'>mensunusum-um</span> 
     </span>
     <span class='ocr_line' id='line_1_34' title="bbox 347 3825 1066 3886; baseline -0.003 -8"><span class='ocrx_word' id='word_1_221' title='bbox 347 3851 352 3859; x_wconf 88' lang='lat'>-</span> <span class='ocrx_word' id='word_1_222' title='bbox 467 3826 795 3886; x_wconf 69' lang='lat' dir='ltr'>sorum-aueum.</span> <span class='ocrx_word' id='word_1_223' title='bbox 859 3825 1066 3878; x_wconf 63' lang='lat' dir='ltr'>sunm</span> 
     </span>
    </p>
   </div>
   <div class='ocr_carea' id='block_1_9' title="bbox 0 0 1434 4342">
    <p class='ocr_par' dir='ltr' id='par_1_19' title="bbox 0 0 1434 4342">
     <span class='ocr_line' id='line_1_35' title="bbox 0 0 1434 4342; baseline 0 0"><span class='ocrx_word' id='word_1_224' title='bbox 0 0 1434 4342; x_wconf 95' lang='lat' dir='ltr'> </span> 
     </span>
    </p>
   </div>
  </div>
 </body>
</html>
