2842 4342
515 372 687 423 ereren.
738 371 855 423 axx.
1143 345 1190 426 δῖ

344 530 549 611 Quanquam
562 527 687 591 choreis
700 527 804 610 aptior
816 538 850 591 et
858 527 940 611 jocis
1148 525 1192 590 25

344 627 504 711 Ludoque
517 625 633 707 dietus,
648 645 716 691 non
730 634 781 690 eat
795 624 929 690 idoneus

386 728 521 810 Pugnae
535 725 703 808 ferebarie3
727 725 784 789 aed
798 725 886 791 idem

428 825 523 890 Pacis
537 844 608 889 eras
622 824 815 907 mediusque
828 824 914 888 belli

346 1035 398 1103 'l'e
411 1035 494 1100 vidit
507 1036 619 1101 insons
633 1035 793 1099 Cerberus
808 1053 905 1099 aureo

345 1135 455 1200 Cornu
468 1133 630 1215 deeomm,
645 1134 758 1200 leniter
771 1145 910 1199 atterens
1150 1132 1193 1194 3⁰

388 1232 546 1315 caudam,
561 1244 594 1297 et
607 1232 787 1298 recedentia
802 1233 945 1323 trilipgui

422 1332 492 1425 Ore
505 1330 603 1417 mdes
617 1332 784 1416 tetigitque
797 1352 900 1398 crura.

546 1921 727 1983 uARMuN
756 1920 826 1983 XX

485 2135 538 2178 An
569 2134 885 2179 lancarwan.

325 2324 400 2389 Non
413 2325 534 2388 usitata
547 2344 608 2389 nee
622 2325 713 2390 tenui
726 2323 810 2389 ferar

323 2423 437 2488 Penna
450 2422 594 2487 biformis
607 2443 664 2507 per
677 2422 841 2507 liquidum
854 2423 987 2488 aethera

364 2520 471 2601 Vates,
486 2541 592 2605 neque
606 2523 642 2586 in
655 2523 746 2587 terrie
760 2523 905 2587 morabor

405 2619 560 2703 Longius,
576 2620 763 2704 invidiaque
777 2622 878 2707 major

321 2827 425 2894 Urbes
437 2831 629 2914 relinquam.
671 2832 747 2897 Non
761 2850 829 2915 ego,
844 2848 1024 2916 pauperum
1168 2833 1190 2895 ὅ

322 2927 463 3013 Sanguis
477 2940 657 3014 parentum,
672 2950 739 2996 non
753 2949 821 3015 ego,
836 2948 936 3015 quem
948 2946 1056 3011 vocar,

364 3027 488 3093 Dileete
502 3029 684 3110 Maecenas,
699 3030 803 3109 obibo,

405 3126 474 3191 Nee
488 3128 604 3213 Stygia
616 3129 788 3193 eohibebor
801 3126 900 3192 unda

320 3337 397 3402 Jam
405 3340 477 3424 jam
490 3339 636 3405 residunt
650 3341 797 3405 eruribus
811 3358 943 3422 asperae

320 3435 434 3519 Pelles,
448 3448 481 3502 et
494 3439 607 3504 album
621 3439 777 3505 mutorin
792 3438 902 3501 alitem
1149 3438 1188 3503 10

362 3535 516 3620 Superne,
531 3549 774 3621 nascunturque
788 3538 877 3602 lever

403 3636 465 3702 Per
478 3637 595 3723 digitos
608 3639 826 3721 humerosque
840 3637 980 3721 plumae.

381 3834 411 3886 0.
422 3851 465 3887 n
477 3840 500 3887 1.
519 3838 667 3890 Non-eea.
801 3840 839 3889 11.
857 3837 975 3901 Sapere&
