2842 4342
547 354 707 406 uterer.
756 355 852 406 nn
1134 339 1207 415 259

183 510 942 595 'Punidumserraaegolaudomrisamoeni

185 612 298 694 Riros,
313 622 345 675 et
358 629 474 676 museo
487 610 670 677 circumlita
683 630 767 676 saxa
780 630 969 695 nemusque.

184 712 281 785 Quid
294 711 447 795 quaeris?
468 711 545 775 viro
560 721 594 775 et
605 731 714 795 reguo,
729 711 829 775 simul
842 713 905 776 ista
918 713 1041 797 reliqui,

185 813 286 884 Quae
300 809 561 875 rosadeoelum
573 811 663 875 fertis
676 830 806 877 rumore
819 812 971 894 secundo,
1291 875 1296 882 .

186 911 297 994 thue
312 910 487 975 sacerdotis
501 910 669 994 fugitivus,
685 911 752 975 liba
766 929 897 976 recuso:
1165 917 1205 980 10

177 1010 276 1075 ·Pane
291 1030 378 1094 egeo,
388 1012 459 1096 jam
472 1010 603 1075 mellitis
617 1011 737 1094 potiore
751 1010 919 1095 placentis.

185 1109 303 1175 Vivere
316 1120 452 1173 naturae
466 1110 495 1173 si
507 1111 736 1175 convenienter
748 1121 878 1194 oportet,

184 1208 426 1291 Ponendaequs
440 1208 537 1274 domo
551 1209 739 1293 quaerenda
752 1221 802 1275 est
815 1231 892 1276 area
905 1212 1056 1297 primum,

184 1308 355 1373 Novistine
370 1308 480 1373 locum
493 1310 648 1392 potiorem
661 1329 734 1374 rure
749 1311 867 1375 beatol

184 1407 248 1471 Est
261 1409 318 1473 ubi
331 1407 407 1492 plus
421 1418 551 1492 tepeant
564 1409 713 1474 hiemes?
734 1410 791 1474 ubi
805 1411 924 1494 gratior
937 1431 1018 1477 aura
1161 1413 1201 1479 15

183 1506 302 1573 Leniat
314 1520 348 1572 et
360 1509 485 1573 rabiem
498 1508 600 1573 Oanis
614 1519 647 1573 et
661 1521 828 1575 momenta
841 1511 969 1594 Leonis,

183 1607 272 1672 Cum
287 1614 386 1672 semel
400 1609 525 1692 accepit
538 1608 640 1673 solem
652 1608 849 1674 irnibundus
862 1612 1022 1676 acutum?

182 1707 246 1771 Est
259 1707 317 1771 nbi
330 1707 465 1772 divellat
479 1726 611 1773 somnos
627 1709 738 1773 minus
752 1709 867 1773 invida
880 1710 983 1773 curel

181 1807 334 1871 noerius
347 1806 481 1890 Libycis
494 1807 559 1872 olet
572 1818 631 1872 aut
643 1809 725 1873 nitet
738 1809 839 1873 herba
852 1809 994 1892 lapillis?

181 1906 299 1971 Pnn‘or
312 1907 346 1971 in
360 1906 443 1970 vicis
457 1927 545 1990 aqua
560 1907 664 1972 tendit
677 1928 828 1991 rumpere
843 1908 1024 1993 plumbum,
1158 1911 1202 1975 20

180 2007 299 2076 Quam
312 2025 397 2089 quae
412 2026 470 2090 per
482 2026 621 2091 pronum
636 2007 773 2092 trepidat
787 2027 866 2072 cum
880 2027 1044 2074 murmure
1057 2011 1189 2075 rivum?

181 2104 309 2189 Nempe
325 2106 408 2170 inter
422 2107 530 2171 mrias
544 2107 687 2171 nutritur
703 2108 787 2172 silva
801 2108 980 2189 columnas,

180 2203 415 2289 nudaturque
428 2205 555 2287 domus,
570 2207 684 2291 longos
698 2226 784 2290 quae
798 2209 949 2292 prospicit
963 2229 1066 2293 agros.

180 2302 344 2369 Naturam
357 2306 500 2389 expellas
513 2306 614 2387 furca,
632 2317 742 2371 temen
756 2326 861 2390 usquc
874 2319 1021 2390 recurret,

180 2403 527 2489 Etmalaperrumpet
540 2403 654 2471 furtim
667 2405 799 2471 fastidia
813 2408 940 2472 victrix.
1156 2407 1199 2472 25

180 2503 266 2584 Non,
281 2504 339 2587 qui
352 2505 486 2571 Sidonio
498 2505 690 2571 contendere
704 2507 844 2571 callidus
858 2518 943 2572 ostro

180 2602 293 2667 Nescit
308 2604 508 2687 Aquinatem
521 2606 666 2689 potantia
680 2606 802 2671 vellera
816 2606 939 2687 fucum,

180 2703 309 2767 Certius
324 2705 461 2788 accipiet
474 2704 634 2769 damnum
648 2707 827 2791 propiusve·
836 2706 996 2787 medullis,

179 2802 296 2873 Quam
309 2804 368 2885 qui
382 2823 448 2869 non
461 2805 576 2889 poterit
590 2824 665 2869 vero
679 2804 877 2890 distinguere
892 2805 1022 2870 salsum.

179 2902 358 2973 Quemres
373 2904 448 2987 plus
462 2905 563 2970 nimio
578 2904 778 2971 delectavere
793 2905 966 2988 secundae,
1155 2907 1199 2974 30

181 3002 329 3067 Mutatae
343 3005 498 3086 quatient
541 3006 578 3072 Si
593 3006 673 3090 quid
687 3008 853 3097 mirabere,
868 3027 968 3092 pones
1085 3066 1089 3074 .

180 3102 318 3166 Invitus.
362 3105 456 3189 Fuge
470 3124 610 3189 magna:
633 3105 708 3171 licet
723 3109 786 3172 sub
799 3127 939 3192 paupere
954 3116 1038 3172 tecto

183 3201 287 3284 ¹teges
301 3213 333 3266 et
347 3222 462 3287 regum
475 3204 544 3269 vita
557 3225 760 3289 praecurrere
775 3207 906 3272 amicos.

179 3301 306 3367 cervus
320 3322 443 3385 equum
457 3324 569 3389 pugna
583 3306 696 3370 melior
709 3307 939 3372 communibus
951 3307 1061 3372 herbis

179 3400 334 3483 Pellebat,
349 3403 461 3485 donec,
476 3406 582 3470 minor
596 3407 630 3471 in
644 3408 819 3471 certamine
834 3407 939 3489 longo,
1155 3409 1197 3473 35

179 3499 369 3585 imploravit
382 3522 459 3588 opes
473 3505 624 3587 hominis,
639 3506 832 3590 frenumque
846 3508 982 3590 recepit:

31 3659 35 3713 ξ
177 3598 245 3666 Sed
259 3613 433 3687 postquam
447 3606 549 3671 victor
563 3606 687 3671 violens
701 3607 849 3671 discessit
862 3607 906 3671 ab
919 3606 1020 3690 hoste,

501 3821 525 3873 9.
543 3821 642 3874 effertis.
706 3822 748 3874 24.
765 3822 880 3888 expelles
