2842 4342
698 318 899 370 oenum

638 600 819 663 OARMEN
845 598 964 661 XXXI.

601 798 658 841 Al>
694 796 1005 841 Arouttrttcu.

443 987 537 1059 cuir
551 966 738 1050 stitutum
751 986 853 1068 ροωῑι
866 964 1051 1068 Aboutneu

444 1085 566 1150 Vates?
587 1084 667 1173 quid
681 1092 759 1163 oret,
774 1082 815 1146 de
829 1093 940 1167 petere
953 1102 1076 1148 novum

486 1181 644 1247 Fundens
658 1181 838 1264 liquorem?
881 1181 958 1246 Noti
969 1177 1096 1265 opiinee

528 1262 697 1345 Surdinus
712 1276 835 1363 segetes
849 1271 990 1360 feiacest

445 1474 520 1539 Non
534 1484 702 1538 aestuosae
717 1484 808 1558 gratu
823 1475 991 1539 Calabriae
1290 1477 1312 1541 ὅ

445 1573 602 1636 Armenta
616 1594 624 1655 ;
640 1592 706 1637 non
720 1592 839 1637 eurum
851 1584 910 1637 eut
923 1575 1002 1638 ebur
1015 1574 1165 1639 Indicum
1176 1594 1184 1638 :

487 1670 562 1735 Non
576 1690 658 1752 rure,
674 1690 760 1753 quae
774 1671 859 1734 Liris
872 1672 982 1753 quiete

529 1768 655 1833 Mordet
668 1788 763 1851 equa,
779 1769 959 1832 taciturnus
972 1771 1088 1833 amnis.

446 1964 599 2030 Prement
612 1965 736 2030 Calena
749 1963 833 2029 falce
848 1965 967 2047 quibus
980 1964 1069 2030 dedit

447 2064 593 2127 Fortuna
606 2063 726 2128 vitem:
747 2062 838 2126 dives
852 2072 885 2126 et
898 2064 1003 2126 aureis
1271 2064 1312 2127 10

490 2160 648 2225 Mercator
661 2162 802 2225 exsiccet
815 2161 946 2225 euluflis

531 2258 617 2323 Vina
630 2259 715 2341 Syre
728 2269 874 2342 reparate
887 2278 1000 2341 merce,

447 2454 512 2518 Dis
525 2472 620 2517 cerus
634 2455 731 2537 ipsis:
753 2458 873 2540 quippe
886 2468 933 2521 ter
947 2468 979 2521 et
992 2467 1102 2540 quater

350 2578 355 2585 ·
446 2552 544 2616 Anno
557 2552 699 2616 revisens
714 2572 834 2636 aequor
847 2556 1048 2621 Atlanticum

488 2650 635 2731 Impune.
678 2651 734 2715 Me
748 2663 887 2734 pascunt
899 2654 1013 2735 olivae,
1269 2654 1309 2718 lt

530 2747 585 2812 Me
599 2748 755 2833 cichorea,
771 2751 923 2835 levesque
936 2753 1074 2818 malvae

447 2943 527 3007 Frui
541 2947 660 3029 paratis
674 2960 707 3012 et
720 2950 829 3014 valido
842 2949 932 3029 mihi,

446 3040 554 3122 Latos,
569 3043 669 3107 dones
683 3056 724 3124 et,
739 3066 856 3128 precor,
870 3048 995 3128 integre

488 3140 575 3204 Cum
588 3152 703 3222 mente,
719 3161 780 3205 nec
794 3154 920 3225 turpem
935 3152 1098 3208 senectam

532 3239 656 3322 Degere
669 3241 867 3305 neccithare
881 3252 1051 3305 carentem.
1267 3246 1308 3310 20

365 3432 394 3485 G.
405 3435 471 3484 mi.
483 3432 507 3483 3.
524 3436 744 3496 optma-feneis.
809 3442 834 3492 9.
852 3438 979 3499 caenam,
989 3439 1091 3509 deconj.
1159 3441 1198 3494 to.
1214 3452 1246 3493 ut.

565 3517 603 3568 15.
620 3530 730 3579 pssunt
899 3521 937 3572 ts.
954 3531 998 3584 rt3
1013 3537 1051 3574 ec.
