2842 4342
664 351 865 409 omimium

384 526 389 537 ·
426 510 552 578 Civitas
565 510 680 590 omnis,
694 508 911 592 dabimusque
924 506 1010 573 divis

512 611 631 676 Thura
643 608 802 691 benignis.

428 808 481 873 Te
495 807 608 871 decem
623 806 708 870 tauri
723 805 919 889 totidemque
933 823 1063 884 vaccae,

429 907 484 972 Me
498 918 588 971 tener
602 906 705 970 solvet
718 906 851 986 vitulus,
866 905 978 968 relicte

431 1007 532 1073 Maus
546 1006 605 1090 qui
619 1005 717 1089 largis
727 1006 910 1090 juvenescit
923 1004 1031 1069 herbis

514 1107 554 1169 In
568 1124 642 1169 mea
656 1114 741 1185 vota,

432 1289 550 1353 Fronte
563 1297 714 1351 curvatos
728 1286 874 1350 imitatus
888 1286 980 1369 ignes

432 1385 584 1450 Tertium
597 1385 713 1450 Lunae
727 1383 892 1449 referentis
906 1393 1021 1464 ortum,

431 1486 512 1557 Qua
525 1494 637 1548 notem
650 1484 748 1548 duxit
761 1485 878 1549 nivens
892 1483 1003 1562 videri,

515 1582 630 1648 Cetera
644 1581 764 1648 fulvus.

638 2152 819 2215 GARMEN
847 2152 910 2214 111.

557 2347 610 2390 AD
644 2348 986 2395 memoriarum.

394 2522 506 2596 Quem
520 2510 564 2586 ιῑι
558 2502 794 2609 ,Melpomene
809 2516 908 2590 semel

436 2614 632 2687 nascentem
647 2620 777 2706 ρῐιιοῑᾶὸ
788 2608 911 2688 lumine
926 2578 1052 2705 videris,

394 2720 493 2785 lllnm
507 2741 573 2785 non
588 2722 676 2787 labor
690 2724 848 2788 Isthmius

435 2820 579 2885 Glembit
592 2822 747 2905 pugilem,
762 2841 828 2888 non
842 2842 948 2905 equus
962 2821 1098 2905 impiger

395 2918 502 2983 Curru
515 2917 613 2984 ducet
626 2921 770 2985 Achaico
1263 2918 1284 2980 5

437 3016 604 3098 Victorem,
619 3037 726 3101 neque
739 3039 789 3083 res
803 3019 920 3084 bellica
934 3018 1037 3083 Deliis

394 3114 556 3179 Ornatum
569 3115 654 3179 soliis
668 3117 795 3198 ducem,

437 3214 539 3285 Quod
552 3234 666 3298 regum
680 3215 823 3281 tumidas
836 3214 1016 3278 contuderit
1029 3214 1144 3292 minas,

396 3311 554 3377 Ostendet
568 3315 726 3398 Capitolio
739 3336 746 3378 :

437 3410 504 3474 Sed
517 3431 602 3494 quae
617 3412 724 3478 Tibur
737 3431 842 3495 equae
856 3409 957 3474 fertile
971 3411 1165 3494 praefluunt,
1248 3410 1287 3473 10

396 3507 443 3572 Et
456 3509 578 3591 spissae
593 3531 762 3576 nemorum
775 3529 896 3590 comae,

440 3607 583 3690 Fingent
595 3611 707 3675 Aeolio
722 3611 865 3677 carmine
879 3609 1028 3674 nobilem.

501 3804 613 3856 curs.
631 3807 737 3857 semro.
876 3808 913 3858 re.
930 3806 1057 3870 persuum.
