2842 4342
462 340 872 410 ‘mannum

561 627 743 691 OARMEN
770 628 834 691 111.
929 688 931 693 ,

220 814 268 861 ΔΙ)
290 812 427 871 ΝΔῚΕΙ,
449 812 522 862 QUA
544 812 770 857 VEHEBATUR
792 812 981 857 vlauluus
1004 812 1176 861 nnuma

567 910 831 956 saorlclacmta.

313 1089 367 1154 Sic
382 1068 506 1152 te'diva
519 1075 755 1171 potens’cypri}

354 1187 409 1253 sic
422 1178 536 1251 neue
550 1180 704 1267 Hennae}
720 1185 831 1252 lucida
844 1148 958 1269 siben,

309 1286 554 1368 Ventorumque
567 1296 659 1369 regat
671 1295 770 1368 pater,

356 1384 525 1450 obstrictis
539 1384 621 1463 aliis,
636 1395 761 1468 praeter
774 1385 908 1469 Iapyga,

313 1484 424 1564 Navis,
440 1503 527 1567 quae
541 1483 599 1548 tibi
613 1483 772 1549 creditum

354 1583 462 1646 Debes
476 1582 657 1666 Vixgilium,
672 1582 794 1648 finibus
808 1584 924 1648 Atticis

312 1680 443 1747 Reddas
457 1682 663 1762 ineolumem,
678 1702 797 1765 precor,

354 1780 400 1844 Et
414 1800 522 1845 sesses
535 1782 666 1845 animae
680 1781 854 1846 dimidium
864 1800 965 1847 meae

312 1878 364 1943 Illi
377 1879 473 1943 robur
487 1889 519 1942 et
533 1899 589 1942 aes
603 1879 720 1963 triplex

353 1979 449 2043 Circa
461 1987 666 2060 peetuserat,
681 1979 739 2060 qui
753 1976 901 2061 fragilem
916 1981 998 2042 truci
1173 1974 1212 2036 tu

312 2077 483 2141 Commisit
495 2078 611 2160 pelago
624 2086 727 2141 ratem

353 2176 491 2256 Primus,
506 2194 567 2240 nee
582 2176 690 2240 timuit
702 2175 910 2260 praecipitem
924 2174 1073 2241 Africum

311 2274 538 2339 Deoertantem
552 2274 779 2357 Aquilonibus,

352 2374 422 2439 Nee
437 2374 543 2437 tristes
557 2373 704 2456 Hyadas,
719 2392 780 2437 nee
794 2373 917 2439 rabiem
931 2373 1008 2438 Noti

311 2473 389 2545 Quo
403 2491 470 2538 non
484 2472 601 2537 arbiter
614 2471 757 2536 Hadriae
1172 2465 1212 2529 15

353 2573 464 2656 Major,
479 2570 589 2645 tollere
604 2590 663 2635 seu
677 2590 795 2654 ponere
809 2571 882 2635 vult
895 2570 984 2636 freta

311 2672 423 2741 Quem
437 2670 548 2734 mortis
563 2670 672 2734 timuit
686 2669 833 2754 gradum,

352 2770 424 2840 Qui
438 2769 532 2833 nocis
546 2768 649 2833 oculis
663 2779 808 2833 monstra
821 2768 976 2849 natantia,

310 2868 381 2938 Qui
395 2867 477 2932 vidit
490 2888 579 2932 mare
593 2867 761 2951 turgidum
774 2876 807 2930 et

352 2965 661 3050 Infamesseopissos
676 2965 937 3031 Acroceraunia?
1170 2952 1214 3016 2⁰

310 3065 543 3148 Nequidquam
557 3066 639 3130 deus
653 3065 791 3130 abscidit

351 3163 501 3229 Prudens
516 3165 648 3229 Oceano
664 3164 860 3229 dissociabili
965 3170 971 3179 '

310 3261 439 3345 Terras,
455 3264 483 3327 si
498 3274 607 3329 tamen
622 3264 740 3347 impiae

352 3362 428 3427 Non
442 3363 606 3447 tangenda
621 3373 705 3428 rates
720 3362 907 3427 transiliunt
919 3362 1016 3427 vada.

310 3460 431 3526 Audax
446 3462 557 3526 omnia
571 3464 690 3546 perpeti
1168 3456 1210 3521 25

351 3560 441 3625 Gens
455 3562 604 3626 humana
618 3562 683 3625 ruit
695 3580 752 3645 per
766 3561 904 3627 vetitum
918 3560 1019 3626 nefas.

305 3756 331 3808 8.
348 3758 390 3811 Ut.
517 3761 556 3812 18.
572 3760 769 3827 rectisdeeonj.
892 3762 930 3812 19.
948 3759 1076 3810 turbidum.

350 3838 391 3891 20.
408 3839 461 3890 alta
471 3840 599 3891 Ceramia.
687 3840 729 3892 22.
746 3839 919 3901 dissociabiles,
930 3841 960 3891 de
971 3843 1034 3905 eoaj.
