2842 4342
714 336 913 388 munitm

677 620 856 684 OARMEN
886 621 961 684 vn.

636 816 694 860 nn
726 818 1007 866 venenum.
1094 808 1103 824 ·

470 995 500 1059 Ο
516 1014 611 1080 saepe
625 1015 756 1061 meeum
770 1007 897 1081 tempus
911 1000 945 1063 in
959 999 1120 1085 ultimum,

469 1094 625 1177 Deducta,
639 1096 740 1161 Bruto
753 1097 888 1162 militine
899 1098 992 1181 duce,

511 1195 599 1265 Quis
613 1204 644 1259 ta
657 1196 825 1262 redonavit
839 1198 1002 1268 Quiritem

552 1294 613 1358 Dts
626 1295 737 1378 patriis
751 1295 898 1380 Italoque
912 1297 1009 1378 coelo,

467 1494 600 1578 Pompei
614 1513 759 1559 meorum
772 1496 873 1579 prime
887 1494 1073 1560 sodalium?

469 1595 557 1660 Gnm
570 1612 636 1679 quo
650 1604 829 1659 morantem
843 1614 939 1679 saepe
952 1595 1039 1659 diem
1052 1615 1141 1661 mero

509 1696 614 1779 Fregi,
629 1704 800 1759 coronatus
814 1695 951 1759 nitentes

551 1794 754 1860 Malobathro
767 1794 862 1877 Syrio
876 1793 1017 1878 capillos.

466 1992 594 2056 Tecum
608 1993 774 2076 Philippos
787 2002 820 2055 et
832 1991 969 2056 oelerem
981 1990 1096 2077 fugam

466 2091 569 2172 Sensi,
584 2092 694 2156 relicta
707 2110 774 2155 non
787 2091 869 2155 bene
883 2091 1039 2175 pennula,

509 2190 595 2254 Cum
610 2189 713 2254 fracta
726 2190 837 2272 virtus,
853 2199 885 2281 et
897 2191 1041 2255 minaces

548 2289 661 2373 Turpe
676 2289 782 2354 solum
796 2290 926 2374 tetigere
943 2299 1060 2354 mento.

467 2484 533 2550 Sed
546 2506 599 2551 me
612 2506 668 2571 per
681 2490 790 2553 hostes
804 2488 985 2553 Mercurius
998 2488 1083 2553 oelar

466 2583 577 2648 Denso
591 2597 763 2669 paventem
777 2587 909 2652 sustulit
923 2600 1012 2652 atre:

506 2684 558 2747 'I'e
572 2704 683 2749 rursus
697 2687 732 2750 in
745 2686 868 2752 bellum
882 2686 1046 2752 resorbens

531 2785 647 2849 ‘Unda
661 2784 748 2853 iretis
763 2787 837 2851 tulit
850 2787 1016 2851 aestuosis.

464 2981 553 3066 Ergo
566 2984 742 3066 obligatam
755 2985 852 3049 redde
867 2984 942 3048 Jovi
955 2983 1082 3067 dapem,

464 3081 641 3164 Longaque
656 3080 779 3144 fessum
793 3081 908 3145 militia
922 3082 1008 3144 latus

504 3164 639 3263 Depone
654 3180 714 3243 sub
728 3178 824 3242 lauru
837 3197 919 3257 mea,
934 3197 995 3240 nee

545 3280 646 3346 Paroa
659 3278 750 3342 cadis
765 3278 822 3341 tibi
836 3276 1011 3342 destinatis.

461 3478 629 3543 Oblivioso
642 3479 728 3543 levia
743 3477 883 3542 Massico

463 3578 593 3642 ciboria
606 3579 709 3660 exple,
725 3578 826 3643 funde
839 3578 1013 3662 capacibus

504 3677 680 3759 Unguenta
694 3675 735 3741 de
749 3678 890 3743 conchis
934 3679 1022 3749 Quis
1036 3677 1103 3741 udo

546 3775 762 3877 Deproperare
776 3778 849 3879 apio
863 3795 994 3849 coronas

1304 1500 1325 1560 5
