2842 4342
633 324 833 377 ommuni

414 484 589 551 Sordidum
603 482 756 546 flammae
770 481 931 581 trepidant
944 492 1086 547 rotantes

497 583 622 648 Vertice
636 581 776 646 fumum.

415 785 461 849 Ut
475 793 584 846 tamen
599 781 685 844 noris
698 780 819 862 quibus
833 778 1000 843 advoceris

416 882 562 962 Gaudiis,
577 880 656 945 Idus
671 880 730 944 tibi
743 889 821 942 sunt
835 877 991 961 agendae,

415 982 486 1055 Qui
500 980 569 1044 dies
584 998 731 1043 mensem
747 977 881 1041 Veneris
895 978 1040 1041 marinae
1206 977 1244 1039 15

500 1078 613 1144 Findit
626 1077 779 1160 Aprilem,

416 1280 494 1344 Jure
509 1277 673 1341 sollemnis
687 1275 770 1340 mihi
784 1275 986 1358 sanctiorque

416 1381 523 1443 Paene
537 1377 638 1441 natali
653 1376 784 1459 proprio,
799 1375 888 1458 quod
902 1395 944 1439 ex
959 1375 1021 1438 hac

416 1481 506 1544 Luce
521 1478 695 1541 Maecenas
709 1495 803 1540 meus
817 1474 987 1540 affluentes

501 1577 639 1641 Ordinat
653 1595 765 1639 annos.

417 1778 612 1861 Telephum,
629 1795 728 1858 quem
743 1786 779 1838 tu
794 1774 885 1857 petis,
899 1770 1079 1854 occupavit,

418 1878 493 1942 Non
507 1887 582 1941 tuae
597 1876 689 1939 sortis
698 1876 864 1959 juvenem,
879 1871 989 1956 puella

421 1978 521 2041 Dives
535 1986 568 2039 et
579 1975 712 2054 lasciva,
719 1983 870 2055 tenetque
884 1980 975 2055 grate

503 2075 667 2158 Compede
681 2075 839 2137 vinctum.

418 2278 532 2343 Terret
546 2276 718 2340 ambustus
732 2271 903 2338 Phaethon
917 2286 1033 2332 avaras

418 2378 507 2459 Spes,
523 2386 555 2438 et
569 2374 757 2457 exemplum
771 2390 869 2454 grave
883 2367 1013 2451 praebet
1026 2364 1094 2429 ales

420 2477 573 2558 Pegasus,
581 2486 743 2537 terrenum
756 2470 898 2554 equitem
913 2473 1066 2549 gravatus

503 2573 789 2655 Bellerophontem,

420 2774 552 2855 Semper
566 2780 649 2834 utto
663 2770 764 2852 digna
778 2784 913 2849 sequare
927 2771 960 2826 et
973 2761 1059 2825 ultra

420 2873 536 2944 Quam
550 2870 624 2933 licet
638 2887 764 2951 sperare
779 2864 872 2929 nesae
885 2859 1039 2946 putando,

420 2970 591 3052 Disparern
605 2969 697 3030 vites.
740 2968 811 3048 Age
821 2967 900 3049 jam,
915 2976 1061 3025 meorum

506 3067 599 3131 Finis
613 3082 808 3143 amorum,-

421 3267 496 3333 Non
509 3265 600 3329 enim
613 3260 748 3346 posthac
763 3258 828 3323 alia
842 3257 953 3321 calebo

426 3359 754 3430 Femina-condisce
768 3357 889 3436 modos,
905 3353 1049 3418 amanda

425 3466 508 3529 Voce
522 3484 604 3547 quos
618 3461 751 3527 reddas:
773 3458 960 3524 minuentur
974 3463 1063 3520 atrae

508 3564 659 3628 Carmine
673 3580 779 3626 curae.

607 3760 637 3810 0.
648 3762 682 3811 xl.
697 3761 736 3812 1³.
753 3759 878 3811 adiecere.
