2842 4342
546 334 666 386 cram
716 337 746 387 o.
771 337 849 389 xrv.
1134 323 1202 403 15⁷

226 491 345 555 Cetera
358 491 450 555 mitte
466 490 575 574 loqui:
598 492 680 556 deus
694 492 777 557 haec
790 493 925 559 fortasse
939 496 1081 581 benigna

272 590 420 655 Reducet
434 592 468 654 iu
484 591 594 654 sedem
608 594 688 655 vice.
733 592 831 657 Nunc
844 605 878 658 et
891 596 1111 662 Achaemenio

230 688 386 754 Perfundi
400 690 501 753 nardo
510 692 606 775 juvat
619 702 652 754 et
666 691 731 755 fide
747 693 905 775 Cyllenea

272 787 397 851 levare
411 787 489 851 diris
503 800 630 877 pectora
645 789 936 856 sollicitudinibus:
1165 798 1206 863 10

231 886 356 951 Nobilis
371 897 409 951 ut
422 888 536 970 grandi
551 889 667 952 cecinit
681 889 868 954 Centaurus
882 892 1036 958 alumno:

269 986 404 1066 invicte,
420 987 562 1050 mortalis
576 987 638 1051 dea
652 999 728 1051 nete
743 1008 823 1071 puer
838 990 990 1073 Thetide,

232 1083 284 1148 ‘Pe
298 1095 409 1148 manet
423 1086 572 1157 Assaraci
587 1086 691 1166 tellus,
707 1106 808 1169 quam
823 1088 940 1173 frigida
954 1093 1045 1175 parvi

274 1182 421 1246 Findunt
434 1184 626 1248 Scamandri
640 1184 786 1268 flumina,
803 1187 944 1253 lubricus
958 1202 991 1254 et
1004 1191 1140 1276 Simois3

232 1279 327 1343 Unde
342 1283 398 1345 tibi
413 1282 552 1346 reditum
566 1294 652 1347 certo
666 1286 849 1350 subtemine
864 1288 986 1352 Parcae
1165 1292 1204 1357 15

272 1378 408 1463 Rupere,
422 1401 484 1445 nec
498 1393 601 1446 mater
614 1382 749 1447 domum
763 1386 893 1449 caerula
907 1398 938 1450 tc
953 1389 1092 1454 revehet.

230 1477 300 1541 Illic
314 1498 411 1543 omne
425 1481 551 1545 malum
567 1483 641 1545 vino
655 1492 819 1566 cantuque
835 1484 950 1567 levato,

272 1577 432 1643 Deformis
446 1582 661 1664 aegrimoniae
675 1581 827 1647 dulcibus
841 1584 999 1668 alloquiis

634 1898 755 1912 —

546 2138 728 2203 clausu
754 2141 842 2204 XIV.

408 2318 415 2327 '
476 2335 533 2379 sn
569 2336 915 2387 uuecsuauuu.

293 2493 400 2557 Mollis
415 2495 529 2562 inertia
542 2517 602 2563 cur
615 2512 741 2568 mutam
755 2503 919 2570 diffuderit
932 2508 1007 2570 imis

353 2592 559 2660 Oblivionem
573 2601 731 2683 sensibus,

292 2689 415 2755 Pocula
429 2693 588 2760 Lethaeos
603 2708 641 2762 ut
654 2701 683 2763 si
697 2701 850 2767 ducentia
863 2722 992 2767 somnos

353 2790 471 2856 Arente
484 2793 579 2859 fauce
597 2800 758 2881 traxerim,

291 2887 437 2953 Candide
452 2891 635 2976 Maecenas,
650 2899 771 2963 occidis
786 2920 882 2983 saepo
896 2901 1053 2984 rogando:
1177 2904 1199 2969 ὅ

351 2988 451 3070 Deus,
466 2990 548 3056 deus
562 3012 641 3060 nem
656 3017 708 3062 me
723 3009 812 3064 vetat

291 3084 447 3172 inceptos,
462 3091 540 3156 olim
556 3097 749 3177 promissum
763 3118 902 3181 cannen,
918 3101 1041 3164 iambos
1168 3174 1179 3187 ,

349 3187 402 3251 Ad
418 3191 607 3257 umbilicum
622 3194 792 3263 adducere.

290 3283 364 3348 Non
378 3286 469 3351 aliter
483 3291 594 3355 Samio
608 3293 722 3360 dicunt
735 3298 852 3362 arsisse
866 3297 1020 3381 Bathyllo

353 3386 553 3454 Anacreonta
567 3392 696 3475 Teium,
1084 3400 1088 3408 '
1156 3398 1196 3463 10

288 3482 357 3553 Qui
371 3505 523 3571 persaepe
537 3511 620 3556 cava
635 3495 795 3559 testudine
810 3496 900 3560 flevit
913 3516 1056 3563 amorem

346 3582 420 3647 Nou
435 3587 634 3654 elaboratum
649 3593 692 3655 ad
707 3593 831 3676 pedem.

285 3678 393 3745 Ureris
407 3684 475 3767 ipse
489 3689 602 3755 miser:
624 3693 739 3773 quodsi
754 3713 819 3758 nou
834 3696 994 3778 pulchrior
1007 3698 1092 3780 ignis

346 3781 502 3849 Accendit
515 3788 680 3854 obsessam
695 3791 786 3869 lliou,
