<?xml version="1.0" encoding="UTF-8"?>
<!DOCTYPE html PUBLIC "-//W3C//DTD XHTML 1.0 Transitional//EN"
    "http://www.w3.org/TR/xhtml1/DTD/xhtml1-transitional.dtd">
<html xmlns="http://www.w3.org/1999/xhtml" xml:lang="en" lang="en">
 <head>
  <title>
</title>
<meta http-equiv="Content-Type" content="text/html;charset=utf-8" />
  <meta name='ocr-system' content='tesseract 3.04.00' />
  <meta name='ocr-capabilities' content='ocr_page ocr_carea ocr_par ocr_line ocrx_word'/>
</head>
<body>
  <div class='ocr_page' id='page_1' title='image "./workshorace09horagoog_0232.png"; bbox 0 0 2842 4342; ppageno 0'>
   <div class='ocr_carea' id='block_1_1' title="bbox 509 305 936 357">
    <p class='ocr_par' dir='ltr' id='par_1_1' title="bbox 509 305 936 357">
     <span class='ocr_line' id='line_1_1' title="bbox 509 305 936 357; baseline -0.002 0"><span class='ocrx_word' id='word_1_1' title='bbox 509 305 936 357; x_wconf 61' lang='lat' dir='ltr'>mmmm(</span> 
     </span>
    </p>
   </div>
   <div class='ocr_carea' id='block_1_2' title="bbox 31 461 1755 3609">
    <p class='ocr_par' dir='ltr' id='par_1_2' title="bbox 31 461 1755 3609">
     <span class='ocr_line' id='line_1_2' title="bbox 31 461 1297 543; baseline -0.003 -15"><span class='ocrx_word' id='word_1_2' title='bbox 31 486 47 528; x_wconf 90' lang='grc' dir='ltr'>ι</span> <span class='ocrx_word' id='word_1_3' title='bbox 73 464 185 528; x_wconf 89' lang='lat' dir='ltr'>cui</span> <span class='ocrx_word' id='word_1_4' title='bbox 214 465 312 543; x_wconf 86' lang='lat' dir='ltr'>sit,</span> <span class='ocrx_word' id='word_1_5' title='bbox 342 464 451 526; x_wconf 92' lang='lat' dir='ltr'>cui</span> <span class='ocrx_word' id='word_1_6' title='bbox 479 481 664 526; x_wconf 88' lang='lat' dir='ltr'>mens</span> <span class='ocrx_word' id='word_1_7' title='bbox 692 461 984 542; x_wconf 78' lang='lat' dir='ltr'><strong>divinior,</strong></span> <span class='ocrx_word' id='word_1_8' title='bbox 1014 471 1202 543; x_wconf 85' lang='lat' dir='ltr'>atque</span> <span class='ocrx_word' id='word_1_9' title='bbox 1227 481 1297 524; x_wconf 85' lang='lat' dir='ltr'>os</span> 
     </span>
     <span class='ocr_line' id='line_1_3' title="bbox 31 559 1372 644; baseline 0.001 -21"><span class='ocrx_word' id='word_1_10' title='bbox 31 571 368 640; x_wconf 81' lang='lat' dir='ltr'>manuum,</span> <span class='ocrx_word' id='word_1_11' title='bbox 399 559 513 623; x_wconf 87' lang='lat' dir='ltr'>des</span> <span class='ocrx_word' id='word_1_12' title='bbox 541 560 820 625; x_wconf 89' lang='lat' dir='ltr'>nominis</span> <span class='ocrx_word' id='word_1_13' title='bbox 849 560 1042 644; x_wconf 86' lang='lat' dir='ltr'>hujus</span> <span class='ocrx_word' id='word_1_14' title='bbox 1070 561 1372 624; x_wconf 89' lang='lat' dir='ltr'>honorem.</span> 
     </span>
     <span class='ocr_line' id='line_1_4' title="bbox 31 658 1676 741; baseline -0.001 -16"><span class='ocrx_word' id='word_1_15' title='bbox 31 661 263 740; x_wconf 70' lang='lat' dir='ltr'>uidam,</span> <span class='ocrx_word' id='word_1_16' title='bbox 293 658 625 723; x_wconf 79' lang='lat' dir='ltr'>comoedia</span> <span class='ocrx_word' id='word_1_17' title='bbox 652 677 857 723; x_wconf 86' lang='lat' dir='ltr'>necne</span> <span class='ocrx_word' id='word_1_18' title='bbox 889 678 1113 741; x_wconf 87' lang='lat' dir='ltr'>poema</span> <span class='ocrx_word' id='word_1_19' title='bbox 1597 659 1676 724; x_wconf 74' lang='lat'>45</span> 
     </span>
     <span class='ocr_line' id='line_1_5' title="bbox 31 756 1242 840; baseline -0.002 -16"><span class='ocrx_word' id='word_1_20' title='bbox 31 761 332 840; x_wconf 66' lang='lat' dir='ltr'>iesivere3</span> <span class='ocrx_word' id='word_1_21' title='bbox 380 756 557 839; x_wconf 91' lang='lat' dir='ltr'>quod</span> <span class='ocrx_word' id='word_1_22' title='bbox 587 777 736 822; x_wconf 86' lang='lat' dir='ltr'>acer</span> <span class='ocrx_word' id='word_1_23' title='bbox 761 758 1022 840; x_wconf 88' lang='lat' dir='ltr'>spiritus</span> <span class='ocrx_word' id='word_1_24' title='bbox 1048 777 1121 821; x_wconf 88' lang='lat' dir='ltr'>ac</span> <span class='ocrx_word' id='word_1_25' title='bbox 1150 758 1242 822; x_wconf 84' lang='lat' dir='ltr'>vis</span> 
     </span>
     <span class='ocr_line' id='line_1_6' title="bbox 31 856 1372 939; baseline -0.002 -17"><span class='ocrx_word' id='word_1_26' title='bbox 31 860 78 923; x_wconf 82' lang='lat' dir='ltr'>is</span> <span class='ocrx_word' id='word_1_27' title='bbox 107 878 228 921; x_wconf 87' lang='lat' dir='ltr'>nec</span> <span class='ocrx_word' id='word_1_28' title='bbox 257 859 448 921; x_wconf 90' lang='lat' dir='ltr'>rebus</span> <span class='ocrx_word' id='word_1_29' title='bbox 475 858 659 936; x_wconf 88' lang='lat' dir='ltr'>inest,</span> <span class='ocrx_word' id='word_1_30' title='bbox 689 857 818 920; x_wconf 89' lang='lat' dir='ltr'>nisi</span> <span class='ocrx_word' id='word_1_31' title='bbox 845 857 1016 938; x_wconf 91' lang='lat' dir='ltr'>quod</span> <span class='ocrx_word' id='word_1_32' title='bbox 1047 856 1194 939; x_wconf 89' lang='lat' dir='ltr'>pede</span> <span class='ocrx_word' id='word_1_33' title='bbox 1217 865 1372 919; x_wconf 76' lang='lat' dir='ltr'>certo</span> 
     </span>
     <span class='ocr_line' id='line_1_7' title="bbox 31 954 1333 1038; baseline -0.003 -16"><span class='ocrx_word' id='word_1_34' title='bbox 31 958 235 1022; x_wconf 87' lang='lat' dir='ltr'>rmoni</span> <span class='ocrx_word' id='word_1_35' title='bbox 263 975 469 1020; x_wconf 89' lang='lat' dir='ltr'>sermo</span> <span class='ocrx_word' id='word_1_36' title='bbox 496 956 905 1019; x_wconf 87' lang='lat' dir='ltr'>merus.-At</span> <span class='ocrx_word' id='word_1_37' title='bbox 932 966 1101 1038; x_wconf 86' lang='lat' dir='ltr'>pater</span> <span class='ocrx_word' id='word_1_38' title='bbox 1124 954 1333 1018; x_wconf 87' lang='lat' dir='ltr'>ardens</span> 
     </span>
     <span class='ocr_line' id='line_1_8' title="bbox 31 1055 1407 1137; baseline -0.001 -16"><span class='ocrx_word' id='word_1_39' title='bbox 31 1056 145 1121; x_wconf 75' lang='lat' dir='ltr'>iod</span> <span class='ocrx_word' id='word_1_40' title='bbox 173 1056 498 1119; x_wconf 84' lang='lat' dir='ltr'>meretrice</span> <span class='ocrx_word' id='word_1_41' title='bbox 527 1074 726 1137; x_wconf 86' lang='lat' dir='ltr'>nepos</span> <span class='ocrx_word' id='word_1_42' title='bbox 756 1056 1024 1118; x_wconf 85' lang='lat' dir='ltr'>insanus</span> <span class='ocrx_word' id='word_1_43' title='bbox 1051 1055 1245 1119; x_wconf 86' lang='lat' dir='ltr'>amica</span> <span class='ocrx_word' id='word_1_44' title='bbox 1346 1085 1350 1089; x_wconf 53' lang='lat'>¹</span> <span class='ocrx_word' id='word_1_45' title='bbox 1401 1084 1407 1091; x_wconf 94' lang='lat'><strong>·</strong></span> 
     </span>
     <span class='ocr_line' id='line_1_9' title="bbox 33 1154 1667 1237; baseline -0.001 -20"><span class='ocrx_word' id='word_1_46' title='bbox 33 1176 210 1220; x_wconf 12' lang='lat' dir='ltr'>&#39;orem</span> <span class='ocrx_word' id='word_1_47' title='bbox 239 1155 469 1237; x_wconf 86' lang='lat' dir='ltr'>grandi</span> <span class='ocrx_word' id='word_1_48' title='bbox 497 1174 652 1218; x_wconf 91' lang='lat' dir='ltr'>cum</span> <span class='ocrx_word' id='word_1_49' title='bbox 679 1154 827 1218; x_wconf 89' lang='lat' dir='ltr'>dote</span> <span class='ocrx_word' id='word_1_50' title='bbox 858 1164 1113 1234; x_wconf 85' lang='lat' dir='ltr'>recuset,</span> <span class='ocrx_word' id='word_1_51' title='bbox 1589 1154 1667 1216; x_wconf 82' lang='lat'>50</span> 
     </span>
     <span class='ocr_line' id='line_1_10' title="bbox 31 1253 1395 1337; baseline -0.001 -19"><span class='ocrx_word' id='word_1_52' title='bbox 31 1278 51 1335; x_wconf 59' lang='lat'>5</span> <span class='ocrx_word' id='word_1_53' title='bbox 83 1273 398 1337; x_wconf 84' lang='lat' dir='ltr'>magnum</span> <span class='ocrx_word' id='word_1_54' title='bbox 427 1253 602 1335; x_wconf 90' lang='lat' dir='ltr'>quod</span> <span class='ocrx_word' id='word_1_55' title='bbox 631 1253 931 1331; x_wconf 87' lang='lat' dir='ltr'>dedecus,</span> <span class='ocrx_word' id='word_1_56' title='bbox 962 1253 1233 1316; x_wconf 85' lang='lat' dir='ltr'>ambulet</span> <span class='ocrx_word' id='word_1_57' title='bbox 1257 1262 1395 1316; x_wconf 83' lang='lat' dir='ltr'>ante</span> 
     </span>
     <span class='ocr_line' id='line_1_11' title="bbox 33 1352 1433 1435; baseline -0.002 -17"><span class='ocrx_word' id='word_1_58' title='bbox 33 1373 154 1418; x_wconf 68' lang='lat' dir='ltr'>=um</span> <span class='ocrx_word' id='word_1_59' title='bbox 180 1352 877 1434; x_wconf 60' lang='lat' dir='ltr'>facibus—Numquid</span> <span class='ocrx_word' id='word_1_60' title='bbox 906 1352 1278 1435; x_wconf 74' lang='lat' dir='ltr'>Pomponius</span> <span class='ocrx_word' id='word_1_61' title='bbox 1303 1352 1433 1415; x_wconf 84' lang='lat' dir='ltr'>istis</span> 
     </span>
     <span class='ocr_line' id='line_1_12' title="bbox 31 1451 1126 1535; baseline -0.001 -21"><span class='ocrx_word' id='word_1_62' title='bbox 31 1454 251 1531; x_wconf 73' lang='lat' dir='ltr'>eviora,</span> <span class='ocrx_word' id='word_1_63' title='bbox 280 1463 462 1535; x_wconf 86' lang='lat' dir='ltr'>pater</span> <span class='ocrx_word' id='word_1_64' title='bbox 487 1453 543 1515; x_wconf 90' lang='lat' dir='ltr'>si</span> <span class='ocrx_word' id='word_1_65' title='bbox 572 1451 871 1519; x_wconf 70' lang='lat' dir='ltr'>viveret?</span> <span class='ocrx_word' id='word_1_66' title='bbox 957 1451 1126 1533; x_wconf 83' lang='lat' dir='ltr'>Ergo</span> 
     </span>
     <span class='ocr_line' id='line_1_13' title="bbox 33 1550 1306 1632; baseline -0.001 -20"><span class='ocrx_word' id='word_1_67' title='bbox 33 1572 37 1606; x_wconf 74' lang='grc' dir='ltr'>ι</span> <span class='ocrx_word' id='word_1_68' title='bbox 64 1562 160 1613; x_wconf 90' lang='lat' dir='ltr'>est</span> <span class='ocrx_word' id='word_1_69' title='bbox 188 1551 366 1632; x_wconf 88' lang='lat' dir='ltr'>puris</span> <span class='ocrx_word' id='word_1_70' title='bbox 396 1570 658 1613; x_wconf 87' lang='lat' dir='ltr'>versum</span> <span class='ocrx_word' id='word_1_71' title='bbox 685 1550 1062 1631; x_wconf 84' lang='lat' dir='ltr'>perscribere</span> <span class='ocrx_word' id='word_1_72' title='bbox 1090 1550 1306 1628; x_wconf 89' lang='lat' dir='ltr'>verbis,</span> 
     </span>
     <span class='ocr_line' id='line_1_14' title="bbox 36 1647 1702 1730; baseline -0.002 -18"><span class='ocrx_word' id='word_1_73' title='bbox 36 1649 373 1728; x_wconf 85' lang='lat' dir='ltr'>dissolvas,</span> <span class='ocrx_word' id='word_1_74' title='bbox 403 1648 619 1730; x_wconf 89' lang='lat' dir='ltr'>quivis</span> <span class='ocrx_word' id='word_1_75' title='bbox 648 1648 1079 1711; x_wconf 80' lang='lat' dir='ltr'>stomachetur</span> <span class='ocrx_word' id='word_1_76' title='bbox 1105 1647 1322 1710; x_wconf 91' lang='lat' dir='ltr'>eodem</span> <span class='ocrx_word' id='word_1_77' title='bbox 1622 1649 1702 1710; x_wconf 81' lang='lat'>55</span> 
     </span>
     <span class='ocr_line' id='line_1_15' title="bbox 31 1747 1491 1831; baseline -0.004 -18"><span class='ocrx_word' id='word_1_78' title='bbox 31 1758 264 1813; x_wconf 85' lang='lat' dir='ltr'>onatus</span> <span class='ocrx_word' id='word_1_79' title='bbox 291 1759 480 1831; x_wconf 90' lang='lat' dir='ltr'>pacto</span> <span class='ocrx_word' id='word_1_80' title='bbox 507 1758 703 1830; x_wconf 85' lang='lat' dir='ltr'>pater.</span> <span class='ocrx_word' id='word_1_81' title='bbox 790 1747 930 1826; x_wconf 87' lang='lat' dir='ltr'>His,</span> <span class='ocrx_word' id='word_1_82' title='bbox 961 1767 1078 1829; x_wconf 87' lang='lat' dir='ltr'>ego</span> <span class='ocrx_word' id='word_1_83' title='bbox 1106 1765 1271 1828; x_wconf 88' lang='lat' dir='ltr'>quae</span> <span class='ocrx_word' id='word_1_84' title='bbox 1298 1765 1491 1824; x_wconf 88' lang='lat' dir='ltr'>nunc,</span> 
     </span>
     <span class='ocr_line' id='line_1_16' title="bbox 31 1846 1038 1929; baseline -0.001 -20"><span class='ocrx_word' id='word_1_85' title='bbox 31 1868 75 1910; x_wconf 83' lang='lat' dir='ltr'>‚e</span> <span class='ocrx_word' id='word_1_86' title='bbox 108 1848 357 1929; x_wconf 82' lang='lat' dir='ltr'>scripsit</span> <span class='ocrx_word' id='word_1_87' title='bbox 382 1847 694 1926; x_wconf 77' lang='lat' dir='ltr'>Luciliu8‚</span> <span class='ocrx_word' id='word_1_88' title='bbox 723 1847 954 1928; x_wconf 79' lang='lat' dir='ltr'>eripias</span> <span class='ocrx_word' id='word_1_89' title='bbox 982 1846 1038 1908; x_wconf 88' lang='lat' dir='ltr'>si</span> 
     </span>
     <span class='ocr_line' id='line_1_17' title="bbox 45 1941 1728 2026; baseline -0.002 -18"><span class='ocrx_word' id='word_1_90' title='bbox 45 1955 218 2008; x_wconf 87' lang='lat' dir='ltr'>certa</span> <span class='ocrx_word' id='word_1_91' title='bbox 233 1944 605 2026; x_wconf 88' lang='lat' dir='ltr'>modosque,</span> <span class='ocrx_word' id='word_1_92' title='bbox 616 1955 682 2008; x_wconf 89' lang='lat' dir='ltr'>et</span> <span class='ocrx_word' id='word_1_93' title='bbox 698 1943 874 2025; x_wconf 89' lang='lat' dir='ltr'>quod</span> <span class='ocrx_word' id='word_1_94' title='bbox 890 1945 1067 2026; x_wconf 89' lang='lat' dir='ltr'>prius</span> <span class='ocrx_word' id='word_1_95' title='bbox 1082 1941 1302 2006; x_wconf 85' lang='lat' dir='ltr'>ordine</span> <span class='ocrx_word' id='word_1_96' title='bbox 1322 1942 1597 2006; x_wconf 84' lang='lat' dir='ltr'>verbum</span> <span class='ocrx_word' id='word_1_97' title='bbox 1611 1953 1728 2022; x_wconf 79' lang='lat' dir='ltr'>est,</span> 
     </span>
     <span class='ocr_line' id='line_1_18' title="bbox 53 2041 1224 2125; baseline -0.003 -18"><span class='ocrx_word' id='word_1_98' title='bbox 53 2042 272 2123; x_wconf 85' lang='lat' dir='ltr'>facias,</span> <span class='ocrx_word' id='word_1_99' title='bbox 302 2061 696 2125; x_wconf 84' lang='lat' dir='ltr'>praeponens</span> <span class='ocrx_word' id='word_1_100' title='bbox 727 2043 957 2106; x_wconf 90' lang='lat' dir='ltr'>ultima</span> <span class='ocrx_word' id='word_1_101' title='bbox 984 2041 1224 2124; x_wconf 83' lang='lat' dir='ltr'>primis,</span> 
     </span>
     <span class='ocr_line' id='line_1_19' title="bbox 34 2138 1741 2223; baseline 0.001 -20"><span class='ocrx_word' id='word_1_102' title='bbox 34 2141 55 2203; x_wconf 90' lang='lat' dir='ltr'>i</span> <span class='ocrx_word' id='word_1_103' title='bbox 84 2141 335 2204; x_wconf 84' lang='lat' dir='ltr'>solvas:</span> <span class='ocrx_word' id='word_1_104' title='bbox 385 2143 796 2223; x_wconf 81' lang='lat' dir='ltr'>“Postquam</span> <span class='ocrx_word' id='word_1_105' title='bbox 823 2139 1165 2204; x_wconf 82' lang='lat' dir='ltr'>Discordia</span> <span class='ocrx_word' id='word_1_106' title='bbox 1191 2147 1356 2206; x_wconf 72' lang='lat' dir='ltr'>tetta</span> <span class='ocrx_word' id='word_1_107' title='bbox 1650 2138 1741 2204; x_wconf 74' lang='lat'>60</span> 
     </span>
     <span class='ocr_line' id='line_1_20' title="bbox 31 2239 1103 2324; baseline 0.003 -22"><span class='ocrx_word' id='word_1_108' title='bbox 31 2247 154 2303; x_wconf 63' lang='lat' dir='ltr'>rtos</span> <span class='ocrx_word' id='word_1_109' title='bbox 181 2248 392 2321; x_wconf 74' lang='lat' dir='ltr'>postes</span> <span class='ocrx_word' id='word_1_110' title='bbox 420 2250 765 2324; x_wconf 82' lang='lat' dir='ltr'>portasque</span> <span class='ocrx_word' id='word_1_111' title='bbox 792 2239 1103 2323; x_wconf 51' lang='lat' dir='ltr'>reli-egi&amp;²</span> 
     </span>
     <span class='ocr_line' id='line_1_21' title="bbox 31 2338 1088 2421; baseline 0.002 -21"><span class='ocrx_word' id='word_1_112' title='bbox 31 2338 227 2401; x_wconf 88' lang='lat' dir='ltr'>etiam</span> <span class='ocrx_word' id='word_1_113' title='bbox 254 2338 499 2421; x_wconf 89' lang='lat' dir='ltr'>disjecti</span> <span class='ocrx_word' id='word_1_114' title='bbox 528 2340 815 2403; x_wconf 88' lang='lat' dir='ltr'>membra</span> <span class='ocrx_word' id='word_1_115' title='bbox 842 2349 1088 2421; x_wconf 79' lang='lat' dir='ltr'>poetae.</span> 
     </span>
     <span class='ocr_line' id='line_1_22' title="bbox 64 2436 1415 2521; baseline 0.002 -22"><span class='ocrx_word' id='word_1_116' title='bbox 64 2436 259 2500; x_wconf 86' lang='lat' dir='ltr'>haec:</span> <span class='ocrx_word' id='word_1_117' title='bbox 305 2437 484 2518; x_wconf 81' lang='lat' dir='ltr'>alias,</span> <span class='ocrx_word' id='word_1_118' title='bbox 506 2439 761 2521; x_wconf 87' lang='lat' dir='ltr'>justum</span> <span class='ocrx_word' id='word_1_119' title='bbox 789 2439 874 2500; x_wconf 87' lang='lat' dir='ltr'>sit</span> <span class='ocrx_word' id='word_1_120' title='bbox 902 2457 1108 2502; x_wconf 87' lang='lat' dir='ltr'>necne</span> <span class='ocrx_word' id='word_1_121' title='bbox 1138 2457 1373 2520; x_wconf 87' lang='lat' dir='ltr'>poema</span> <span class='ocrx_word' id='word_1_122' title='bbox 1397 2459 1415 2519; x_wconf 81' lang='lat'><em>3</em></span> 
     </span>
     <span class='ocr_line' id='line_1_23' title="bbox 31 2534 1335 2618; baseline 0.002 -20"><span class='ocrx_word' id='word_1_123' title='bbox 31 2534 86 2598; x_wconf 65' lang='lat' dir='ltr'>td</span> <span class='ocrx_word' id='word_1_124' title='bbox 115 2547 372 2600; x_wconf 87' lang='lat' dir='ltr'>tantum</span> <span class='ocrx_word' id='word_1_125' title='bbox 398 2556 727 2618; x_wconf 79' lang='lat' dir='ltr'>quaeram,</span> <span class='ocrx_word' id='word_1_126' title='bbox 759 2539 1070 2602; x_wconf 87' lang='lat' dir='ltr'>meritone</span> <span class='ocrx_word' id='word_1_127' title='bbox 1101 2538 1218 2602; x_wconf 90' lang='lat' dir='ltr'>tibi</span> <span class='ocrx_word' id='word_1_128' title='bbox 1248 2539 1335 2601; x_wconf 89' lang='lat' dir='ltr'>sit</span> 
     </span>
     <span class='ocr_line' id='line_1_24' title="bbox 31 2635 1755 2716; baseline 0.003 -20"><span class='ocrx_word' id='word_1_129' title='bbox 31 2653 87 2696; x_wconf 87' lang='lat' dir='ltr'>m</span> <span class='ocrx_word' id='word_1_130' title='bbox 118 2653 325 2716; x_wconf 86' lang='lat' dir='ltr'>genus</span> <span class='ocrx_word' id='word_1_131' title='bbox 354 2635 478 2699; x_wconf 86' lang='lat' dir='ltr'>hoc</span> <span class='ocrx_word' id='word_1_132' title='bbox 510 2635 848 2700; x_wconf 89' lang='lat' dir='ltr'>scribendi.</span> <span class='ocrx_word' id='word_1_133' title='bbox 934 2636 1204 2701; x_wconf 87' lang='lat' dir='ltr'>Sulcius</span> <span class='ocrx_word' id='word_1_134' title='bbox 1233 2655 1385 2699; x_wconf 86' lang='lat' dir='ltr'>acer</span> <span class='ocrx_word' id='word_1_135' title='bbox 1662 2638 1755 2702; x_wconf 82' lang='lat'>65</span> 
     </span>
     <span class='ocr_line' id='line_1_25' title="bbox 31 2734 1448 2817; baseline 0.001 -21"><span class='ocrx_word' id='word_1_136' title='bbox 31 2743 98 2796; x_wconf 91' lang='lat' dir='ltr'>et</span> <span class='ocrx_word' id='word_1_137' title='bbox 125 2734 415 2816; x_wconf 82' lang='lat' dir='ltr'>Caprius,</span> <span class='ocrx_word' id='word_1_138' title='bbox 444 2735 623 2798; x_wconf 87' lang='lat' dir='ltr'>rauci</span> <span class='ocrx_word' id='word_1_139' title='bbox 654 2736 823 2799; x_wconf 88' lang='lat' dir='ltr'>male</span> <span class='ocrx_word' id='word_1_140' title='bbox 852 2755 1140 2817; x_wconf 87' lang='lat' dir='ltr'>cumque</span> <span class='ocrx_word' id='word_1_141' title='bbox 1170 2734 1448 2799; x_wconf 85' lang='lat' dir='ltr'>libellis:</span> 
     </span>
     <span class='ocr_line' id='line_1_26' title="bbox 31 2835 1490 2918; baseline 0.003 -24"><span class='ocrx_word' id='word_1_142' title='bbox 31 2842 276 2914; x_wconf 88' lang='lat' dir='ltr'>1terque</span> <span class='ocrx_word' id='word_1_143' title='bbox 306 2835 494 2898; x_wconf 88' lang='lat' dir='ltr'>timor</span> <span class='ocrx_word' id='word_1_144' title='bbox 522 2835 909 2898; x_wconf 86' lang='lat' dir='ltr'>latronibus:</span> <span class='ocrx_word' id='word_1_145' title='bbox 954 2845 1025 2898; x_wconf 90' lang='lat' dir='ltr'>at</span> <span class='ocrx_word' id='word_1_146' title='bbox 1052 2835 1220 2899; x_wconf 88' lang='lat' dir='ltr'>bene</span> <span class='ocrx_word' id='word_1_147' title='bbox 1250 2835 1307 2899; x_wconf 88' lang='lat' dir='ltr'>si</span> <span class='ocrx_word' id='word_1_148' title='bbox 1335 2836 1490 2918; x_wconf 88' lang='lat' dir='ltr'>quis</span> 
     </span>
     <span class='ocr_line' id='line_1_27' title="bbox 31 2931 1351 3015; baseline 0.002 -22"><span class='ocrx_word' id='word_1_149' title='bbox 31 2931 198 3012; x_wconf 86' lang='lat' dir='ltr'>puris</span> <span class='ocrx_word' id='word_1_150' title='bbox 225 2933 545 3012; x_wconf 86' lang='lat' dir='ltr'>manibus,</span> <span class='ocrx_word' id='word_1_151' title='bbox 574 2943 1351 3015; x_wconf 71' lang='lat' dir='ltr'>contemnatutrumque.</span> 
     </span>
     <span class='ocr_line' id='line_1_28' title="bbox 31 3028 1238 3113; baseline 0.005 -23"><span class='ocrx_word' id='word_1_152' title='bbox 31 3028 261 3091; x_wconf 90' lang='lat' dir='ltr'>similis</span> <span class='ocrx_word' id='word_1_153' title='bbox 292 3029 472 3092; x_wconf 85' lang='lat' dir='ltr'>Coelt</span> <span class='ocrx_word' id='word_1_154' title='bbox 500 3031 860 3113; x_wconf 81' lang='lat' dir='ltr'>Byrrhique</span> <span class='ocrx_word' id='word_1_155' title='bbox 888 3031 1238 3112; x_wconf 87' lang='lat' dir='ltr'>latronum,</span> 
     </span>
     <span class='ocr_line' id='line_1_29' title="bbox 31 3127 1754 3210; baseline 0.003 -21"><span class='ocrx_word' id='word_1_156' title='bbox 31 3145 169 3190; x_wconf 72' lang='lat' dir='ltr'>sum</span> <span class='ocrx_word' id='word_1_157' title='bbox 196 3127 630 3210; x_wconf 73' lang='lat' dir='ltr'>Capuaeque</span> <span class='ocrx_word' id='word_1_158' title='bbox 660 3130 878 3194; x_wconf 77' lang='lat' dir='ltr'>Sulci:</span> <span class='ocrx_word' id='word_1_159' title='bbox 922 3149 1042 3193; x_wconf 91' lang='lat' dir='ltr'>cur</span> <span class='ocrx_word' id='word_1_160' title='bbox 1071 3140 1333 3195; x_wconf 85' lang='lat' dir='ltr'>metuas</span> <span class='ocrx_word' id='word_1_161' title='bbox 1362 3149 1472 3194; x_wconf 88' lang='lat' dir='ltr'>me</span> <span class='ocrx_word' id='word_1_162' title='bbox 1489 3129 1520 3193; x_wconf 70' lang='lat'>:²</span> <span class='ocrx_word' id='word_1_163' title='bbox 1662 3131 1754 3194; x_wconf 82' lang='lat'>70</span> 
     </span>
     <span class='ocr_line' id='line_1_30' title="bbox 31 3228 1369 3312; baseline 0.003 -23"><span class='ocrx_word' id='word_1_164' title='bbox 31 3245 189 3289; x_wconf 85' lang='lat' dir='ltr'>ema</span> <span class='ocrx_word' id='word_1_165' title='bbox 219 3246 396 3290; x_wconf 89' lang='lat' dir='ltr'>meos</span> <span class='ocrx_word' id='word_1_166' title='bbox 424 3228 661 3292; x_wconf 85' lang='lat' dir='ltr'>habeat</span> <span class='ocrx_word' id='word_1_167' title='bbox 688 3248 900 3310; x_wconf 91' lang='lat' dir='ltr'>neque</span> <span class='ocrx_word' id='word_1_168' title='bbox 930 3230 1064 3312; x_wconf 86' lang='lat' dir='ltr'>pila</span> <span class='ocrx_word' id='word_1_169' title='bbox 1094 3229 1369 3309; x_wconf 88' lang='lat' dir='ltr'>libellos,</span> 
     </span>
     <span class='ocr_line' id='line_1_31' title="bbox 31 3325 1540 3410; baseline 0.003 -22"><span class='ocrx_word' id='word_1_170' title='bbox 31 3343 130 3388; x_wconf 83' lang='lat' dir='ltr'>ms</span> <span class='ocrx_word' id='word_1_171' title='bbox 159 3325 419 3389; x_wconf 86' lang='lat' dir='ltr'>insudet</span> <span class='ocrx_word' id='word_1_172' title='bbox 447 3326 646 3410; x_wconf 81' lang='lat' dir='ltr'>vulgi,</span> <span class='ocrx_word' id='word_1_173' title='bbox 677 3328 1237 3410; x_wconf 84' lang='lat' dir='ltr'>Hermogenisque</span> <span class='ocrx_word' id='word_1_174' title='bbox 1267 3326 1540 3410; x_wconf 76' lang='lat' dir='ltr'>Tigelli.</span> 
     </span>
     <span class='ocr_line' id='line_1_32' title="bbox 31 3424 1404 3509; baseline 0.005 -25"><span class='ocrx_word' id='word_1_175' title='bbox 31 3441 48 3483; x_wconf 75' lang='grc' dir='ltr'><strong>ι</strong></span> <span class='ocrx_word' id='word_1_176' title='bbox 75 3424 402 3506; x_wconf 86' lang='lat' dir='ltr'>cuiquam,</span> <span class='ocrx_word' id='word_1_177' title='bbox 434 3426 561 3490; x_wconf 85' lang='lat' dir='ltr'>nisi</span> <span class='ocrx_word' id='word_1_178' title='bbox 591 3427 832 3506; x_wconf 64' lang='lat' dir='ltr'>amicis),</span> <span class='ocrx_word' id='word_1_179' title='bbox 864 3428 1064 3509; x_wconf 90' lang='lat' dir='ltr'>idque</span> <span class='ocrx_word' id='word_1_180' title='bbox 1093 3437 1404 3508; x_wconf 81' lang='lat' dir='ltr'>coactus3</span> 
     </span>
     <span class='ocr_line' id='line_1_33' title="bbox 31 3521 1429 3609; baseline 0.004 -25"><span class='ocrx_word' id='word_1_181' title='bbox 31 3521 97 3602; x_wconf 84' lang='lat' dir='ltr'>is,</span> <span class='ocrx_word' id='word_1_182' title='bbox 126 3542 425 3589; x_wconf 88' lang='lat' dir='ltr'>coramve</span> <span class='ocrx_word' id='word_1_183' title='bbox 453 3526 1029 3608; x_wconf 64' lang='lat' dir='ltr'>quibuslibet—In</span> <span class='ocrx_word' id='word_1_184' title='bbox 1059 3526 1279 3592; x_wconf 85' lang='lat' dir='ltr'>medio</span> <span class='ocrx_word' id='word_1_185' title='bbox 1308 3526 1429 3609; x_wconf 87' lang='lat' dir='ltr'>qui</span> 
     </span>
    </p>
   </div>
   <div class='ocr_carea' id='block_1_3' title="bbox 142 3721 1277 3806">
    <p class='ocr_par' dir='ltr' id='par_1_3' title="bbox 142 3721 1277 3806">
     <span class='ocr_line' id='line_1_34' title="bbox 142 3721 1277 3806; baseline 0.004 -7"><span class='ocrx_word' id='word_1_186' title='bbox 142 3721 224 3801; x_wconf 59' lang='lat'>49.</span> <span class='ocrx_word' id='word_1_187' title='bbox 259 3730 452 3801; x_wconf 52' lang='lat' dir='ltr'>innan.</span> <span class='ocrx_word' id='word_1_188' title='bbox 585 3753 663 3803; x_wconf 85' lang='lat'>70.</span> <span class='ocrx_word' id='word_1_189' title='bbox 697 3756 804 3805; x_wconf 68' lang='lat' dir='ltr'>sim.</span> <span class='ocrx_word' id='word_1_190' title='bbox 937 3755 1018 3806; x_wconf 80' lang='lat'>73.</span> <span class='ocrx_word' id='word_1_191' title='bbox 1054 3756 1277 3806; x_wconf 60' lang='lat' dir='ltr'>reatem.</span> 
     </span>
    </p>
   </div>
   <div class='ocr_carea' id='block_1_4' title="bbox 2040 0 2818 4286">
    <p class='ocr_par' dir='ltr' id='par_1_4' title="bbox 2040 0 2818 4286">
     <span class='ocr_line' id='line_1_35' title="bbox 2040 0 2818 4286; baseline 0 0"><span class='ocrx_word' id='word_1_192' title='bbox 2040 0 2818 4286; x_wconf 95' lang='lat' dir='ltr'> </span> 
     </span>
    </p>
   </div>
  </div>
 </body>
</html>
