2842 4342
479 291 653 343 muru.
702 291 852 344 cxvrr
1120 277 1170 350 68

504 561 685 625 vulturni
715 560 824 624 XVIL

459 746 513 790 An
544 745 859 790 nuscanum.

320 909 388 973 Gur
400 927 454 972 me
469 908 608 991 querelis
622 908 796 972 exanimas
811 907 900 971 tuis?

319 1007 388 1073 Nec
401 1006 453 1072 dts
466 1007 611 1072 amicum
624 1016 674 1071 est
687 1025 748 1071 nec
762 1006 851 1088 mihi,
868 1018 899 1071 te
912 1008 1001 1092 prius

361 1106 464 1188 obire,
480 1107 663 1187 Maecenas,
679 1126 827 1171 mearum

403 1206 534 1271 Grande
548 1204 649 1272 decus
663 1206 878 1289 columenque
893 1225 1008 1272 rerunt

319 1404 391 1469 Ah!
415 1416 552 1469 temese
567 1404 595 1468 si
609 1414 734 1487 partem
748 1406 878 1470 animae
892 1408 974 1490 rapit
1146 1410 1167 1472 5

319 1504 474 1569 Maturior
487 1505 547 1585 vis,
562 1502 642 1588 quid
656 1524 762 1569 moror
776 1504 886 1587 altere,

360 1603 429 1668 Nec
442 1623 539 1667 carus
553 1623 657 1686 aeque
671 1622 733 1668 nec
748 1615 910 1688 superstes

402 1703 556 1787 Integer?
601 1703 660 1767 llle
675 1703 745 1768 dies
760 1715 932 1789 utramque

321 1904 428 1968 Ducet
441 1904 579 1968 ruinam.
622 1903 699 1969 Non
713 1922 775 1987 ego
787 1903 949 1987 perfidum

321 2003 401 2068 Dixi
415 2014 673 2068 sacramentnm:
695 2003 825 2084 ibimus,
841 2004 969 2087 ibimus,
1126 2006 1167 2071 10

363 2103 537 2186 Utcunque
550 2102 732 2187 praecedes,
748 2122 936 2187 supremum

405 2203 543 2287 Carpere
557 2203 617 2267 iter
630 2203 763 2267 comites
776 2204 890 2287 parati.

321 2401 375 2466 Me
389 2421 450 2467 nec
465 2403 657 2467 Chimaerae
672 2402 805 2485 spiritus
819 2404 941 2487 igneus,

320 2502 397 2583 Nec,
413 2503 608 2585 siresurgat,
623 2503 829 2567 centimanus
844 2503 936 2586 Gyas

362 2601 505 2666 Divellet
519 2620 686 2684 unquam:
710 2602 758 2666 sic
772 2603 895 2686 potenti
1128 2602 1169 2667 15

403 2701 553 2766 Justitiee
567 2701 788 2786 placitumque
801 2701 920 2768 Parcis.

322 2899 389 2964 Seu
402 2899 502 2964 Libra
516 2919 575 2965 seu
590 2919 642 2964 me
657 2901 806 2985 Scorpios
821 2898 958 2983 adspicit

323 2997 570 3081 Formidolosus,
585 3019 660 3083 pers
674 3000 844 3065 violentior

364 3098 491 3163 Natalis
504 3099 611 3180 horae,
627 3119 685 3163 seu
700 3114 870 3183 tyrannus»
892 3146 898 3159 .

405 3198 580 3283 Hesperiae
595 3199 809 3283 Capricornus
823 3199 941 3279 undae,
1126 3197 1171 3262 20
1239 3272 1243 3277 ⁴

323 3393 505 3478 Utrumque
519 3406 667 3461 nostrum
680 3394 860 3460 incredibili
874 3393 970 3458 modo

323 3494 493 3560 Consentit
506 3507 639 3561 estrurn
682 3497 736 3562 Te
751 3495 842 3561 Jovis
857 3495 956 3578 impio

178 3672 332 3746 '‘o.nns.
348 3695 427 3746 ns.
495 3695 520 3746 s.
537 3696 647 3747 nm.
714 3695 739 3747 e.
756 3694 810 3746 1110.
877 3699 915 3747 14.
934 3695 1025 3758 snm
1040 3692 1125 3757 erre

430 3779 470 3828 17.
488 3778 609 3842 Scorpius
744 3776 783 3829 19.
800 3775 900 3828 Paulis
1387 3764 1403 3808 p
