2842 4342
678 326 878 378 ommim:

439 484 563 567 Impiae
577 501 713 566 sponsos
727 493 858 566 potuere
872 482 952 548 duic

522 581 657 647 Perdere
671 581 762 646 ferro.

439 781 515 847 Une
529 780 569 844 de
583 780 704 860 multis,
720 779 791 843 face
808 780 947 863 nuptiali

438 881 557 964 Digna,
572 882 737 965 peijurum
750 878 813 943 fuit
826 879 861 943 in
876 890 1042 963 parentem

437 979 612 1065 splendide
628 977 772 1043 mendax
785 989 819 1042 et
832 979 868 1044 in
882 998 978 1044 omne
992 980 1084 1066 virgo

521 1078 645 1144 Nobilis
659 1097 789 1158 aevum,

435 1280 547 1362 Surge,
562 1297 648 1362 quae
662 1277 746 1342 dixit
754 1279 870 1363 juveni
883 1280 1006 1371 mamito,

436 1379 548 1462 Surge,
563 1397 605 1442 ne
620 1376 738 1461 longus
753 1378 812 1443 tibi
826 1398 969 1461 somnus,
985 1378 1073 1443 unde

436 1477 510 1542 Non
526 1477 628 1557 times,
644 1476 757 1560 detur3
781 1496 928 1544 socerum
942 1488 975 1543 et
988 1478 1140 1542 scelestes

520 1575 613 1641 Falla
627 1595 758 1655 sorores,

435 1776 542 1856 Quae,
558 1775 648 1840 velut
660 1785 776 1839 nactae
790 1774 910 1838 vitulos
924 1775 1065 1855 lesense,

435 1876 598 1959 Singulos,
613 1875 720 1939 eheu!
743 1875 896 1938 lacerant.
941 1875 1014 1958 Ego
1027 1873 1091 1938 illis

436 1974 564 2041 Mollior
577 1994 638 2039 nec
653 1984 683 2039 te
698 1973 814 2038 feriam
826 1993 936 2056 neque
950 1974 1035 2039 intra

520 2074 672 2139 Claustra
685 2075 809 2139 tenebo.
1053 2072 1057 2082 “

436 2273 491 2338 Me
505 2282 595 2356 pater
608 2272 717 2335 saevis
731 2282 839 2337 oneret
852 2282 984 2354 catenis,

435 2371 536 2444 Quod
549 2372 619 2435 viro
633 2371 777 2435 clemens
791 2373 907 2436 misere
921 2371 1046 2456 peperci
1057 2393 1066 2454 3

435 2470 490 2535 Me
504 2472 557 2534 vel
571 2480 732 2535 extremos
746 2470 965 2536 Numidarum
979 2471 1014 2535 in
1028 2488 1123 2554 agree

519 2569 632 2634 Classe
646 2570 772 2654 releget„

435 2770 460 2850 I,
475 2767 652 2852 pedesque
667 2778 698 2832 te
713 2769 843 2853 rapiunt
856 2779 890 2832 et
903 2786 1010 2848 aurae,

437 2869 529 2933 Dum
542 2867 632 2933 favet
645 2888 713 2933 nox
727 2879 759 2932 et
773 2869 893 2950 Venus,
909 2869 921 2932 i
935 2864 1078 2931 seeundo

435 2967 564 3049 Omine,
579 2979 612 3032 et
625 2970 725 3033 nostri
740 2987 915 3033 memorem
929 2968 1076 3052 sepulcro

518 3065 635 3149 scalpe
649 3065 823 3150 querelam

697 3262 739 3315 52.
756 3263 853 3327 Sempe.
