2842 4342
248 328 319 401 188
644 341 859 395 sermeauu

286 504 426 582 Jamque
440 499 509 564 dies
522 498 644 579 aderat,
659 499 706 563 nil
720 517 798 562 cum
811 497 979 580 procedere
993 496 1123 563 lintrem
1217 500 1259 564 2⁰

286 601 470 667 sentimus:
493 599 595 665 donec
610 600 794 663 cerebrosus
808 598 931 680 prosilit
945 616 1041 678 unus,

288 702 337 763 Ac
351 698 460 762 mulae
475 708 658 780 usumque
672 707 772 780 caput
785 697 977 779 lumbosque
990 696 1116 780 saligno

286 801 389 864 Fuste
404 797 510 862 dolat:
532 807 649 879 quarta
662 797 720 861 vix
734 796 868 861 demum
883 797 1074 879 exponimur
1087 797 1176 863 bora.

288 900 355 962 Ora
369 914 552 979 manusque
567 906 626 960 tua
639 895 790 976 lavimus,
806 897 953 975 Feronia,
969 896 1113 978 lympha

288 997 393 1062 Millia
408 1006 479 1058 tum
492 995 602 1078 pransi
616 997 677 1057 tria
690 995 842 1077 repimus,
858 1006 955 1076 atque
970 995 1117 1058 subimus
1218 992 1260 1055 25

289 1097 482 1180 Impositum
495 1094 584 1159 saxis
599 1094 663 1157 late
676 1093 890 1158 candentibus
905 1096 1029 1157 Anxur.

290 1197 366 1260 Huc
381 1203 537 1257 venturus
551 1201 620 1255 erat
634 1193 808 1256 Maecenas
822 1193 971 1274 optimus,
986 1202 1084 1275 atque

289 1293 452 1372 Cocceius,
467 1291 558 1354 missi
572 1292 702 1373 magnis
717 1291 758 1355 de
772 1292 868 1354 rebus
882 1301 1014 1373 uterque

289 1392 412 1474 Legati,
428 1408 558 1452 aversos
573 1388 657 1452 soliti
671 1407 861 1471 componere
876 1390 1006 1452 amicos.

290 1491 353 1554 Hic
366 1489 468 1553 oculis
483 1507 543 1570 ego
557 1488 650 1570 nigra
664 1488 746 1551 meis
760 1489 896 1570 collyria
910 1488 1016 1570 lippus
1219 1485 1263 1550 30

290 1589 426 1655 Illinere.
470 1588 596 1650 Interea
610 1588 784 1650 Maecenas
798 1586 930 1650 advenit
943 1598 1040 1668 atque

290 1689 455 1766 Cocceius,
472 1685 650 1768 Capitoque
665 1685 764 1748 simul
779 1686 942 1765 Fonteius,
959 1686 1001 1749 ad
1016 1703 1160 1768 unguem

291 1789 414 1852 Factus
427 1786 544 1865 bomo;
567 1785 697 1864 Antoni,
713 1803 779 1847 non
794 1796 831 1848 ut
844 1786 949 1867 magis
963 1774 1050 1865 alter,
1066 1784 1200 1853 amicus

291 1886 426 1950 Fundos
441 1883 572 1948 Aufidio
586 1884 693 1947 Lusco
707 1894 850 1966 praetore
865 1884 998 1948 libenter

291 1984 496 2066 Linquimus,
512 1984 620 2047 insani
633 1983 773 2047 ridentes
787 1984 931 2066 praemia
945 1984 1075 2062 scribae,
1222 1981 1266 2045 35

291 2083 497 2146 Praeoextam
510 2092 543 2145 et
556 2082 662 2145 latum
675 2083 808 2146 clavum
821 2100 1007 2164 primaeque
1022 2080 1179 2144 batillum.

291 2182 332 2246 In
347 2182 587 2245 Mamurrarum
601 2181 680 2244 lassi
694 2180 810 2245 deinde
826 2182 904 2245 urbe
919 2199 1098 2260 manemus,

291 2280 429 2345 Murena
443 2280 613 2361 praebente
628 2281 772 2361 domum,
789 2283 945 2364 Capitone
959 2280 1113 2344 culinam

292 2380 423 2443 Postera
437 2379 498 2442 lux
512 2380 611 2443 oritur
624 2380 728 2443 multo
743 2381 943 2463 gratisslma3
966 2398 1107 2462 namque

293 2479 417 2543 Plotius
431 2489 463 2541 et
477 2478 594 2543 Varius
608 2479 783 2544 Sinuessae
799 2480 1014 2563 Virgiliusque
1223 2475 1267 2540 40

292 2577 482 2657 Occurrunt,
498 2577 634 2658 animae,
650 2578 765 2660 quales
780 2598 886 2661 neque
900 2577 1101 2641 candidiores

293 2676 396 2741 Tarra
410 2672 492 2756 tirlit,
507 2696 612 2758 neque
627 2686 701 2759 quis
717 2696 769 2741 me
783 2676 825 2740 sit
839 2677 1016 2740 devinctior
1029 2675 1117 2739 alter.

294 2774 324 2839 0
339 2775 397 2857 qui
411 2775 601 2858 complexus
614 2786 647 2838 et
660 2775 783 2859 gaudia
796 2787 920 2858 quanta
934 2774 1082 2839 suerunt!

294 2873 350 2939 Nil
364 2893 424 2956 ego
438 2874 627 2938 contulerim
637 2873 784 2959 jucundo
798 2894 900 2937 sanus
914 2874 1027 2938 amico.

293 2972 447 3036 Proxima
461 2974 630 3056 Campano
643 2974 733 3056 ponti
746 2993 831 3056 quae
846 2973 970 3053 villula,
985 2982 1106 3036 tectum
1224 2969 1269 3034 45

293 3072 453 3152 Praebuit,
468 3081 501 3135 et
513 3073 653 3155 parochi,
669 3092 754 3155 quae
769 3072 894 3150 debent,
910 3072 999 3156 ligna
1013 3073 1189 3154 salemque.

292 3171 380 3235 Hinc
394 3172 476 3235 muli
490 3171 623 3254 Capuae
637 3171 774 3235 clitellas
788 3183 928 3255 tempore
942 3181 1075 3255 ponunt

293 3271 421 3334 Lusum
436 3272 461 3335 it
476 3271 668 3353 Maecenas3
691 3271 867 3335 dormitum
881 3290 941 3356 ego
955 3271 1188 3353 virgiliusque:

293 3368 444 3452 Namque
458 3371 525 3453 pila
539 3371 634 3454 lippis
648 3370 817 3434 inimicum
828 3382 864 3435 ,et
877 3370 986 3435 ludere
1000 3369 1117 3433 crudis.

137 3464 160 3484 ⁶
294 3467 381 3530 Hinc
395 3487 455 3563 nos
469 3470 597 3533 Cocceii
612 3470 723 3553 recipit
737 3470 924 3553 plenissima
938 3469 1026 3549 villa,
1226 3467 1271 3531 50

295 3567 394 3636 Quae
409 3580 568 3651 superest
583 3569 691 3633 Caudi
706 3589 880 3654 cauponas.
917 3570 1015 3634 Nunc
1028 3566 1111 3632 mibi
1124 3565 1239 3649 paucis

618 3813 658 3862 24.
675 3813 786 3870 lerimur,
797 3812 828 3863 de
838 3814 902 3878 conj.
