2842 4342
496 346 669 398 umnam
718 348 852 400 svm
1105 334 1177 404 239

149 507 348 575 Peneum
361 454 679 586 mmanumfilaa'r,
696 504 787 585 rua,
801 505 930 570 arena
944 507 1022 571 coa.

150 606 291 673 Hisubi
308 604 446 670 sublatis
460 624 540 687 puer
553 604 618 668 alte
632 605 760 668 cinctus
774 624 926 670 acernam
1138 608 1179 672 10

151 706 314 789 Gausapa
328 722 491 788 purpureo
504 722 653 767 mensam
666 704 819 786 pertersit,
834 715 867 768 et
880 704 960 768 alter

152 805 310 888 Sublegit
324 802 543 886 quodcunque
552 804 673 887 jaceret
686 803 810 883 inutile,
825 804 978 888 quodque

155 907 274 971 Posset
287 914 461 967 coenantes
474 902 651 966 offendere:
675 914 712 967 ut
725 905 834 968 Attica
847 905 938 989 virgo

156 1007 248 1070 Cum
262 1003 362 1067 sacris
377 1003 509 1082 Cereris,
525 1002 666 1085 procedit
680 1002 794 1068 fuscus
809 1005 994 1090 Hydaspes,

158 1104 316 1169 Caecuba
329 1104 408 1167 rina
422 1101 536 1182 ferens,
551 1102 655 1166 Alcon
670 1103 793 1167 Chium
806 1106 906 1176 maris
919 1126 1043 1190 expers.
1102 1103 1104 1106 ’
1139 1110 1180 1174 15

158 1200 225 1269 Hic
239 1205 356 1268 herus:
379 1202 554 1281 Albanum,
570 1202 753 1283 Maecenas,
769 1205 838 1268 sive
853 1206 1033 1272 Falernum

158 1305 216 1370 'I'e
231 1305 338 1387 magis
352 1303 505 1387 appositis
518 1301 674 1385 delectat;
696 1303 856 1369 habemus
871 1317 1097 1390 utrumque.-

159 1404 303 1468 Diritias
317 1402 470 1468 miseras!
513 1401 579 1467 Sed
593 1409 669 1485 quis
682 1406 894 1470 coenantibus
908 1427 985 1489 una,

160 1503 327 1583 Fundani,
343 1502 476 1585 pulchre
490 1500 586 1565 suerit
600 1502 665 1581 tibi,
680 1521 776 1567 nosse
790 1503 907 1569 laboro.

159 1603 321 1668 Summus
335 1620 404 1685 ego,
420 1611 452 1664 et
465 1620 560 1683 prope
574 1620 628 1664 me
642 1601 759 1665 Viscus
774 1602 954 1686 Thurinus,
969 1617 1002 1669 et
1011 1605 1104 1687 inira,
1136 1607 1180 1671 20

159 1703 198 1767 si
212 1702 356 1782 memini,
371 1701 497 1780 Varius,
512 1719 591 1763 cum
605 1700 741 1771 Servilio
755 1702 928 1767 Balatrone

160 1801 319 1882 Vibidius,
334 1819 419 1884 quas
433 1800 607 1865 Maecenas
621 1799 806 1864 adduxerat
820 1804 960 1866 umbras.

160 1900 388 1965 Nomentanus
402 1910 471 1963 erat
484 1918 580 1982 super
594 1898 711 1983 ipsum,
727 1900 860 1964 Porcius
876 1899 967 1982 infra,

158 1999 333 2064 Ridiculus
347 2009 430 2063 totas
444 1999 542 2063 semel
557 1999 724 2062 obsorbere
739 1998 913 2082 placentas.

159 2098 391 2163 Nomentanus
405 2098 531 2179 adhoc,
547 2099 613 2182 qui,
630 2098 752 2183 siquid
767 2098 845 2163 sorte
860 2100 980 2183 lateret,

159 2199 273 2263 Indice
287 2209 478 2263 monstraret
491 2198 610 2282 digito:
631 2218 711 2263 nam
725 2209 831 2263 cetera
846 2201 947 2279 turbe,

159 2299 238 2378 Nos,
253 2300 397 2381 inquam
412 2317 588 2362 coenamus
602 2318 689 2379 aves,
705 2298 887 2383 conchylia,
903 2301 1016 2384 pisces,

158 2396 273 2480 Longe
288 2397 477 2461 dissimilem
492 2407 568 2462 noto
582 2397 721 2461 celantia
735 2418 890 2463 succum:

158 2496 206 2560 Ut
219 2496 272 2558 vel
286 2496 439 2560 continuo
453 2497 567 2579 patuit,
582 2516 661 2559 cum
675 2498 812 2580 passeris
827 2510 924 2581 atque

158 2595 331 2677 Ingustata
344 2595 425 2658 mihi
440 2605 621 2678 porrexerat
635 2595 691 2658 ilia
705 2596 839 2661 rhombi

100 2728 111 2735 -
158 2692 238 2756 Post
250 2693 314 2756 hoc
327 2714 379 2758 me
393 2693 511 2774 docuit,
526 2694 689 2758 melimela
703 2695 815 2759 rubere
829 2696 985 2759 minorem

158 2790 215 2855 Ad
229 2791 345 2883 lunam
358 2791 500 2857 delectat
522 2793 602 2875 quid
617 2795 678 2857 hoc
693 2794 825 2874 intersit,
840 2794 883 2857 ab
898 2794 967 2875 ipso

158 2889 311 2954 Audieris
325 2891 450 2956 melius.
494 2892 586 2956 'Pum
601 2893 750 2957 Vibidius
765 2892 948 2957 Balatroni:

157 2989 238 3071 Nos,
253 2992 317 3054 nisi
332 2991 486 3055 damnose
500 2993 649 3073 bibimus,
665 2994 838 3057 moriemur
852 2992 965 3075 inulti;

158 3090 205 3154 Et
217 3091 336 3154 calices
350 3092 450 3174 poscit
464 3094 607 3177 majores.
651 3093 780 3157 Vertere
793 3093 896 3176 pallor

157 3189 251 3253 Tum
265 3190 397 3272 parochi
412 3189 536 3273 facicm,
551 3191 598 3256 nil
613 3192 659 3255 sic
674 3193 846 3256 metuentis
861 3204 898 3255 ut
912 3212 1001 3256 acres

157 3288 298 3369 Potores,
313 3288 366 3351 vel
381 3290 469 3372 quod
482 3290 682 3355 maledicunt
696 3292 835 3372 liberius,
850 3291 903 3353 vel

157 3387 301 3452 Fervida
315 3388 403 3471 quod
418 3390 535 3453 subtile
549 3390 730 3454 exsurdant
743 3392 822 3455 vina
835 3391 993 3474 palatum

157 3487 334 3553 invertunt
348 3487 501 3554 Allifanis
515 3491 641 3554 vinaria
655 3500 723 3554 tota

159 3586 307 3655 Vrbidius
321 3588 524 3673 Balatroque,
540 3590 658 3654 secutis
671 3591 841 3655 omnibus:
864 3590 920 3655 imi

503 3818 543 3870 w.
560 3832 627 3883 qnos.
692 3818 735 3870 94.
752 3821 831 3871 ιίωπΙ.
