2842 4342
498 382 655 435 emuna
706 372 858 435 mxv(
1086 368 1158 442 aot

895 654 940 701 l·

492 634 709 750 nulsione
740 684 809 747 XV.

348 902 404 945 AD
432 902 468 945 C·
496 899 756 945 NUMONIUM
786 901 960 944 VALAM.

179 1081 282 1151 Quae
297 1081 340 1142 sit
354 1078 459 1142 hienis
473 1076 593 1157 Veliae,
609 1075 697 1159 quod
711 1076 848 1156 coelum,
866 1076 957 1158 Vela,
973 1078 1108 1157 Saleml,
1234 1120 1251 1142 ,»

135 1179 295 1249 Quorum
310 1177 482 1241 hominum
496 1177 584 1260 regio
597 1186 630 1239 et
642 1176 749 1259 qualis
764 1177 826 1256 via,
843 1195 922 1240 nam
936 1176 1017 1241 mihi
1032 1176 1130 1242 Baias

137 1278 241 1343 Musa
256 1296 475 1361 supervacuas
490 1275 658 1355 Antonius,
674 1284 706 1338 et
721 1284 829 1339 tamen
844 1274 908 1338 illis

139 1377 196 1441 Me
212 1377 291 1440 fecit
304 1377 457 1456 invisum,
465 1374 581 1458 gelida
593 1393 671 1438 cum
685 1373 812 1458 perluor
827 1374 916 1438 unda

137 1477 202 1540 Per
217 1475 364 1540 medium
378 1475 490 1559 frigus
534 1476 622 1540 Sane
636 1484 777 1538 murteta
791 1474 938 1558 relinqui,
1138 1477 1160 1541 5

139 1576 304 1658 Dictaque
318 1584 499 1638 cessantem
513 1575 621 1638 nervis
635 1573 752 1638 elidere
767 1575 915 1639 morbum

138 1674 277 1738 Sulsure
290 1673 461 1753 contemni,
477 1673 571 1736 vicus
587 1674 694 1755 gemit,
710 1672 843 1745 invidus
857 1673 969 1754 aegris,

139 1773 213 1844 Qui
227 1785 373 1856 reputet
387 1772 591 1836 stomachum
605 1790 786 1855 supponere
799 1770 942 1834 fontibus
957 1772 1079 1835 audent

139 1871 296 1951 Clusinis,
312 1871 498 1953 Gabiosque
511 1880 628 1954 petunt
641 1880 675 1933 et
689 1868 807 1952 frigida
821 1887 906 1933 rura.

141 1970 325 2034 Mutandus
340 1970 431 2035 locus
444 1980 502 2050 est,
517 1980 549 2034 ct
563 1968 739 2033 diversoria
754 1979 831 2051 nota
941 1980 945 1995 ¹
1118 1968 1160 2033 10

141 2069 417 2153 Praeteragendus
430 2089 544 2152 equus·
589 2070 671 2139 Quo
689 2067 819 2132 tendis?
851 2068 926 2134 Non
940 2067 1021 2133 mihi
1035 2068 1159 2133 Cumas

141 2168 205 2231 Est
220 2170 278 2232 iter
291 2181 350 2232 aut
363 2169 468 2248 Baias,
482 2168 579 2232 laeva
592 2168 818 2232 stomachosus
832 2167 961 2232 habena

142 2268 239 2330 Dicet
251 2287 360 2350 eques,
374 2267 432 2331 sed
446 2269 521 2350 equi
535 2267 659 2331 frenato
673 2278 723 2331 cst
736 2268 824 2331 auris
840 2268 875 2332 in
888 2286 996 2331 ore.-

141 2356 247 2450 Maj'or
260 2378 369 2430 utnrm
382 2366 540 2450 populum
553 2366 707 2431 frumenti
722 2367 814 2451 copia
828 2377 947 2450 pascet,

139 2464 343 2528 collectosne
357 2466 470 2532 bibant
483 2466 600 2530 imbres
615 2475 772 2548 puteosne
787 2485 942 2549 perennes
1118 2466 1158 2530 15

139 2563 237 2646 iugis
251 2583 356 2646 aquae
366 2583 497 2628 t-nem
510 2565 589 2628 vina
603 2565 685 2629 nihil
700 2583 804 2629 moror
818 2565 904 2629 illius
918 2584 1046 2628 orae.—

140 2661 232 2725 Rure
246 2680 319 2725 meo
332 2681 465 2744 possum
478 2662 610 2745 quidvis
624 2663 762 2747 perferre
775 2665 925 2747 patique:

140 2759 196 2823 Ad
211 2778 299 2823 mare
312 2780 390 2825 cum
404 2762 488 2842 veni,
504 2782 697 2845 generosum
710 2774 743 2825 et
757 2762 832 2826 lene
846 2764 978 2844 requiro,

140 2858 244 2929 Quod
258 2878 353 2923 curas
366 2861 485 2945 abigat,
500 2860 588 2945 quod
602 2881 680 2927 cum
694 2881 751 2945 spe
764 2859 867 2923 divite
881 2872 991 2925 manet

140 2959 183 3023 ln
198 2978 300 3022 venas
314 2960 526 3044 animumque
541 2981 660 3043 meum,
675 2960 764 3045 quod
780 2961 878 3024 verba
892 2961 1057 3043 ministret,
1114 2964 1158 3030 20

141 3058 245 3129 Quod
259 3078 313 3122 me
327 3059 483 3125 Lucanae
491 3063 649 3148 juvenem
663 3060 868 3127 commendet
882 3062 1057 3126 amicae.-

141 3157 285 3221 'I'rectus
300 3168 370 3221 uter
383 3159 491 3242 plures
506 3160 635 3243 lepores,
650 3170 721 3225 uter
734 3159 850 3225 educet
865 3180 967 3243 apros,

141 3256 223 3321 Utra
237 3257 344 3341 magis
357 3258 461 3342 pisces
475 3269 508 3323 et
521 3260 655 3324 echinos
670 3279 812 3343 aequora
826 3260 940 3341 celent,

143 3356 279 3439 Pinguis
293 3366 331 3421 ut
344 3357 420 3421 inde
434 3359 569 3423 domum
585 3360 706 3443 possim
720 3360 920 3442 Phaeaxque
935 3361 1059 3443 reverti,

141 3456 285 3520 Scribere
301 3458 447 3538 tenebis,
462 3459 520 3522 tibi
535 3477 594 3522 nos
609 3458 776 3523 accredere
790 3479 848 3542 par
861 3470 919 3521 est.
1115 3461 1158 3527 25

142 3555 302 3636 Maenius,
317 3567 355 3619 ut
369 3558 465 3622 rebus
479 3560 632 3623 maternis
646 3568 745 3641 atque
761 3559 901 3642 paternis

141 3657 278 3723 Fortiter
292 3657 474 3741 absumptis
489 3660 635 3723 urbanus
649 3659 754 3743 coepit
768 3660 887 3741 heberi,

490 3857 570 3935 ihre.
585 3857 622 3906 16,
641 3857 725 3907 Dulcis
736 3874 820 3921 equae.

634 3937 674 3999 12
