2842 4342
714 404 862 455 EPODON

405 563 507 646 Atqui
520 581 581 626 nee
593 517 694 626 herbe
707 580 769 626 nee
784 561 889 625 latens
903 561 938 626 in
952 560 1073 646 asperis

447 661 557 726 Radix
571 660 684 725 fefellit
697 679 751 725 me
766 660 853 724 locis.

407 760 564 826 Indormit
578 761 685 825 unctis
698 760 847 824 omnium
860 759 1023 825 cubilibus

450 859 621 925 Oblivione
634 858 842 942 pellicum„-

406 959 469 1039 Ah,
484 959 537 1040 eh,
553 958 680 1022 solutus
693 957 842 1021 ambulat
858 956 1023 1022 veneficae

447 1058 631 1124 Scientioris
645 1056 797 1121 carmine.
875 1069 879 1076 ·

406 1157 482 1225 Non
496 1157 633 1237 usitatis,
647 1156 741 1238 Vere,
756 1156 939 1239 potionibus

449 1256 479 1321 Ο
494 1255 600 1319 multe
613 1255 767 1319 fleturum
780 1265 888 1339 ceput,

407 1354 461 1419 Ad
475 1373 528 1418 me
543 1374 692 1435 recurres,
707 1373 769 1419 nee
783 1365 1007 1419 vocaremus
1021 1363 1080 1419 tue

448 1454 566 1518 Marsis
580 1453 694 1519 redr'bit
708 1454 852 1519 vocibus.

407 1554 516 1637 Mejus
530 1554 659 1636 parabo,
674 1554 781 1637 majus
795 1553 969 1618 infundam
983 1553 1040 1618 tibi

449 1652 643 1717 Fastidienti
656 1652 820 1735 poculum,

407 1753 565 1834 Priusque
578 1751 707 1816 coelum
721 1752 805 1816 sidet
818 1751 952 1816 inferius
966 1752 1057 1832 meri,

447 1849 581 1915 Tellure
595 1861 738 1933 porrecta
753 1870 856 1934 super,

369 1968 372 1973 ·
406 1950 521 2021 Quam
535 1968 601 2014 non
615 1968 724 2014 amore
739 1950 785 2014 sic
799 1968 872 2014 meo
886 1949 1011 2032 flagres,
1026 1949 1075 2014 uti

449 2049 602 2113 Bitumen
615 2050 693 2113 atris
707 2049 866 2132 ignibus.''

406 2147 476 2212 Sub
491 2147 573 2211 haee
588 2166 675 2231 puer,
684 2148 757 2233 jam
770 2167 845 2229 non,
860 2157 996 2229 utente,
1010 2145 1162 2212 mollibus

446 2245 562 2310 Lenire
576 2248 682 2313 verbis
697 2248 823 2332 impias,

405 2343 479 2425 Sed,
495 2343 616 2410 dubius
631 2346 719 2411 unde
733 2355 894 2429 rumperet
908 2345 1081 2426 silentium,

447 2443 537 2509 Misit
552 2445 739 2528 Thyesteas
753 2464 880 2529 preses:

375 2549 394 2584 “
404 2542 540 2608 Venena
554 2564 714 2628 magnum
727 2544 778 2623 ses
791 2545 948 2628 nefasque
963 2563 1029 2609 non
1042 2542 1153 2608 velent

447 2645 640 2708 Convertere
653 2644 836 2709 humanam
849 2646 964 2709 vicent

405 2743 491 2807 Diris
506 2763 604 2828 agam
617 2763 695 2827 v0s3
718 2744 789 2809 dira
803 2744 971 2809 detestatio

446 2843 549 2907 Nulla
562 2843 713 2926 expietur
726 2844 869 2909 victima,

403 2942 507 3022 Quin,
522 2942 578 3007 ubi
592 2943 692 3027 perire
701 2944 815 3028 jussus
829 2943 1041 3026 exspiravero,

446 3040 634 3105 Nocturnus
647 3061 816 3107 occurram
831 3042 925 3123 furor,

404 3138 584 3222 Petemque
598 3139 711 3204 vultus
726 3142 842 3206 umbre
856 3141 965 3205 curvis
978 3139 1152 3224 unguibus,

444 3239 543 3310 Quae
558 3239 608 3302 vis
623 3239 758 3304 deorum
772 3251 821 3305 est
835 3241 995 3320 Manium,

403 3337 449 3400 Et
462 3338 614 3421 inquietis
628 3338 776 3405 assidens
790 3340 982 3424 praecordiis
1252 3337 1301 3402 95

445 3435 569 3501 Pavore
583 3458 714 3502 somnos
729 3439 884 3503 auserem.

403 3534 469 3599 Vos
483 3538 579 3601 turbe
593 3539 727 3603 vicatim
741 3539 818 3603 hinc
832 3550 866 3603 et
879 3539 957 3603 hine
972 3537 1062 3601 sexis
1076 3545 1188 3619 petens

444 3635 630 3701 contundet
643 3640 818 3703 obscoenas
833 3658 935 3703 anus:

727 3851 767 3902 81.
785 3855 842 3902 mei.
