<?xml version="1.0" encoding="UTF-8"?>
<!DOCTYPE html PUBLIC "-//W3C//DTD XHTML 1.0 Transitional//EN"
    "http://www.w3.org/TR/xhtml1/DTD/xhtml1-transitional.dtd">
<html xmlns="http://www.w3.org/1999/xhtml" xml:lang="en" lang="en">
 <head>
  <title>
</title>
<meta http-equiv="Content-Type" content="text/html;charset=utf-8" />
  <meta name='ocr-system' content='tesseract 3.04.00' />
  <meta name='ocr-capabilities' content='ocr_page ocr_carea ocr_par ocr_line ocrx_word'/>
</head>
<body>
  <div class='ocr_page' id='page_1' title='image "./workshorace09horagoog_0114.png"; bbox 0 0 2842 4342; ppageno 0'>
   <div class='ocr_carea' id='block_1_1' title="bbox 681 314 1017 368">
    <p class='ocr_par' dir='ltr' id='par_1_1' title="bbox 681 314 1017 368">
     <span class='ocr_line' id='line_1_1' title="bbox 681 314 1017 368; baseline -0.009 0"><span class='ocrx_word' id='word_1_1' title='bbox 681 314 881 368; x_wconf 66' lang='lat' dir='ltr'><strong>OARMINUM</strong></span> <span class='ocrx_word' id='word_1_2' title='bbox 1010 357 1017 365; x_wconf 93' lang='lat'>.</span> 
     </span>
    </p>
   </div>
   <div class='ocr_carea' id='block_1_2' title="bbox 633 615 931 678">
    <p class='ocr_par' dir='ltr' id='par_1_2' title="bbox 633 615 931 678">
     <span class='ocr_line' id='line_1_2' title="bbox 633 615 931 678; baseline 0 0"><span class='ocrx_word' id='word_1_3' title='bbox 633 615 818 678; x_wconf 72' lang='lat' dir='ltr'>OABMEN&#39;</span> <span class='ocrx_word' id='word_1_4' title='bbox 842 615 931 678; x_wconf 80' lang='lat' dir='ltr'><strong>XIX</strong></span> 
     </span>
    </p>
   </div>
   <div class='ocr_carea' id='block_1_3' title="bbox 592 814 969 859">
    <p class='ocr_par' dir='ltr' id='par_1_3' title="bbox 592 814 969 859">
     <span class='ocr_line' id='line_1_3' title="bbox 592 814 969 859; baseline 0 -2"><span class='ocrx_word' id='word_1_5' title='bbox 592 815 655 858; x_wconf 75' lang='lat' dir='ltr'><strong>An</strong></span> <span class='ocrx_word' id='word_1_6' title='bbox 691 814 969 859; x_wconf 75' lang='lat' dir='ltr'><strong>BAGGHUM.</strong></span> 
     </span>
    </p>
   </div>
   <div class='ocr_carea' id='block_1_4' title="bbox 439 990 1106 1381">
    <p class='ocr_par' dir='ltr' id='par_1_4' title="bbox 439 990 1106 1381">
     <span class='ocr_line' id='line_1_4' title="bbox 441 990 1106 1075; baseline -0.003 -18"><span class='ocrx_word' id='word_1_7' title='bbox 441 992 609 1057; x_wconf 84' lang='lat' dir='ltr'><strong>Bacchum</strong></span> <span class='ocrx_word' id='word_1_8' title='bbox 623 991 658 1054; x_wconf 90' lang='lat' dir='ltr'><strong>in</strong></span> <span class='ocrx_word' id='word_1_9' title='bbox 671 990 801 1054; x_wconf 87' lang='lat' dir='ltr'><strong>remotis</strong></span> <span class='ocrx_word' id='word_1_10' title='bbox 814 990 959 1055; x_wconf 84' lang='lat' dir='ltr'><strong>carmina</strong></span> <span class='ocrx_word' id='word_1_11' title='bbox 973 992 1106 1075; x_wconf 82' lang='lat' dir='ltr'>rupibus</span> 
     </span>
     <span class='ocr_line' id='line_1_5' title="bbox 439 1087 980 1172; baseline -0.006 -17"><span class='ocrx_word' id='word_1_12' title='bbox 439 1090 513 1155; x_wconf 70' lang='lat' dir='ltr'><strong>Vidi</strong></span> <span class='ocrx_word' id='word_1_13' title='bbox 528 1088 705 1169; x_wconf 75' lang='lat' dir='ltr'><strong>docentem,</strong></span> <span class='ocrx_word' id='word_1_14' title='bbox 721 1087 840 1153; x_wconf 89' lang='lat' dir='ltr'><strong>credite</strong></span> <span class='ocrx_word' id='word_1_15' title='bbox 854 1090 980 1172; x_wconf 80' lang='lat' dir='ltr'><strong>posteri,</strong></span> 
     </span>
     <span class='ocr_line' id='line_1_6' title="bbox 481 1187 1051 1273; baseline -0.004 -19"><span class='ocrx_word' id='word_1_16' title='bbox 481 1187 719 1273; x_wconf 81' lang='lat' dir='ltr'><strong>Nymphasque</strong></span> <span class='ocrx_word' id='word_1_17' title='bbox 733 1188 895 1251; x_wconf 70' lang='lat' dir='ltr'><strong>discentes</strong></span> <span class='ocrx_word' id='word_1_18' title='bbox 910 1200 943 1253; x_wconf 89' lang='lat' dir='ltr'><strong>et</strong></span> <span class='ocrx_word' id='word_1_19' title='bbox 955 1207 1051 1252; x_wconf 87' lang='lat' dir='ltr'><strong>aures</strong></span> 
     </span>
     <span class='ocr_line' id='line_1_7' title="bbox 524 1286 1086 1381; baseline 0 -29"><span class='ocrx_word' id='word_1_20' title='bbox 524 1286 743 1381; x_wconf 82' lang='lat' dir='ltr'><strong>Capripedum</strong></span> <span class='ocrx_word' id='word_1_21' title='bbox 757 1288 949 1371; x_wconf 82' lang='lat' dir='ltr'><strong>Satyrorum</strong></span> <span class='ocrx_word' id='word_1_22' title='bbox 962 1296 1086 1352; x_wconf 87' lang='lat' dir='ltr'><strong>acutas.</strong></span> 
     </span>
    </p>
   </div>
   <div class='ocr_carea' id='block_1_5' title="bbox 439 1484 1135 1866">
    <p class='ocr_par' dir='ltr' id='par_1_5' title="bbox 444 1484 1064 1568">
     <span class='ocr_line' id='line_1_8' title="bbox 444 1484 1064 1568; baseline -0.003 -19"><span class='ocrx_word' id='word_1_23' title='bbox 444 1485 550 1549; x_wconf 78' lang='lat' dir='ltr'><strong>Evoe!</strong></span> <span class='ocrx_word' id='word_1_24' title='bbox 573 1484 692 1548; x_wconf 78' lang='lat' dir='ltr'><strong>recenti</strong></span> <span class='ocrx_word' id='word_1_25' title='bbox 706 1503 799 1548; x_wconf 88' lang='lat' dir='ltr'><strong>ruens</strong></span> <span class='ocrx_word' id='word_1_26' title='bbox 814 1484 952 1568; x_wconf 77' lang='lat' dir='ltr'><strong>trepidat</strong></span> <span class='ocrx_word' id='word_1_27' title='bbox 965 1494 1064 1565; x_wconf 90' lang='lat' dir='ltr'><strong>metu,</strong></span> 
     </span>
    </p>

    <p class='ocr_par' dir='ltr' id='par_1_6' title="bbox 439 1582 1059 1666">
     <span class='ocr_line' id='line_1_9' title="bbox 439 1582 1059 1666; baseline -0.006 -16"><span class='ocrx_word' id='word_1_28' title='bbox 439 1585 604 1666; x_wconf 89' lang='lat' dir='ltr'><strong>Plenoque</strong></span> <span class='ocrx_word' id='word_1_29' title='bbox 617 1583 741 1647; x_wconf 92' lang='lat' dir='ltr'><strong>Bacchi</strong></span> <span class='ocrx_word' id='word_1_30' title='bbox 753 1593 878 1666; x_wconf 82' lang='lat' dir='ltr'><strong>pectore</strong></span> <span class='ocrx_word' id='word_1_31' title='bbox 893 1582 1059 1647; x_wconf 89' lang='lat' dir='ltr'><strong>turbidum</strong></span> 
     </span>
    </p>

    <p class='ocr_par' dir='ltr' id='par_1_7' title="bbox 481 1680 1135 1866">
     <span class='ocr_line' id='line_1_10' title="bbox 481 1680 1058 1765; baseline -0.005 -18"><span class='ocrx_word' id='word_1_32' title='bbox 481 1683 644 1747; x_wconf 85' lang='lat' dir='ltr'><strong>Laetatur.</strong></span> <span class='ocrx_word' id='word_1_33' title='bbox 688 1682 799 1746; x_wconf 87' lang='lat' dir='ltr'><strong>Evoe!</strong></span> <span class='ocrx_word' id='word_1_34' title='bbox 821 1700 926 1765; x_wconf 83' lang='lat' dir='ltr'><strong>parce,</strong></span> <span class='ocrx_word' id='word_1_35' title='bbox 941 1681 1038 1745; x_wconf 84' lang='lat' dir='ltr'><strong>Liber</strong></span> <span class='ocrx_word' id='word_1_36' title='bbox 1050 1680 1058 1744; x_wconf 87' lang='lat' dir='ltr'><strong>i</strong></span> 
     </span>
     <span class='ocr_line' id='line_1_11' title="bbox 523 1778 1135 1866; baseline -0.005 -20"><span class='ocrx_word' id='word_1_37' title='bbox 523 1782 632 1863; x_wconf 85' lang='lat' dir='ltr'><strong>Parce,</strong></span> <span class='ocrx_word' id='word_1_38' title='bbox 647 1781 742 1866; x_wconf 75' lang='lat' dir='ltr'><strong>grsvi</strong></span> <span class='ocrx_word' id='word_1_39' title='bbox 755 1778 927 1845; x_wconf 86' lang='lat' dir='ltr'><strong>metuende</strong></span> <span class='ocrx_word' id='word_1_40' title='bbox 942 1779 1073 1863; x_wconf 78' lang='lat' dir='ltr'><strong>thyrso!</strong></span> <span class='ocrx_word' id='word_1_41' title='bbox 1131 1778 1135 1785; x_wconf 85' lang='grc'><em>“</em></span> 
     </span>
    </p>
   </div>
   <div class='ocr_carea' id='block_1_6' title="bbox 439 1975 1315 2353">
    <p class='ocr_par' dir='ltr' id='par_1_8' title="bbox 439 1975 1315 2353">
     <span class='ocr_line' id='line_1_12' title="bbox 442 1975 1062 2062; baseline -0.005 -19"><span class='ocrx_word' id='word_1_42' title='bbox 442 1980 510 2043; x_wconf 82' lang='lat' dir='ltr'><strong>Fas</strong></span> <span class='ocrx_word' id='word_1_43' title='bbox 523 1979 707 2062; x_wconf 79' lang='lat' dir='ltr'><strong>pervicaces</strong></span> <span class='ocrx_word' id='word_1_44' title='bbox 721 1985 771 2042; x_wconf 88' lang='lat' dir='ltr'><strong>est</strong></span> <span class='ocrx_word' id='word_1_45' title='bbox 784 1977 867 2041; x_wconf 88' lang='lat' dir='ltr'><strong>mihi</strong></span> <span class='ocrx_word' id='word_1_46' title='bbox 880 1975 1062 2058; x_wconf 78' lang='lat' dir='ltr'><strong>Thyiadas,</strong></span> 
     </span>
     <span class='ocr_line' id='line_1_13' title="bbox 439 2066 1315 2160; baseline -0.006 -19"><span class='ocrx_word' id='word_1_47' title='bbox 439 2076 580 2160; x_wconf 79' lang='lat' dir='ltr'><strong>Vitiique</strong></span> <span class='ocrx_word' id='word_1_48' title='bbox 594 2075 725 2157; x_wconf 86' lang='lat' dir='ltr'><strong>fontem,</strong></span> <span class='ocrx_word' id='word_1_49' title='bbox 740 2076 836 2140; x_wconf 89' lang='lat' dir='ltr'><strong>iactis</strong></span> <span class='ocrx_word' id='word_1_50' title='bbox 849 2084 883 2140; x_wconf 90' lang='lat' dir='ltr'><strong>et</strong></span> <span class='ocrx_word' id='word_1_51' title='bbox 895 2075 1010 2139; x_wconf 86' lang='lat' dir='ltr'><strong>uberes</strong></span> <span class='ocrx_word' id='word_1_52' title='bbox 1248 2072 1289 2137; x_wconf 84' lang='lat' dir='ltr'><strong>lo</strong></span> <span class='ocrx_word' id='word_1_53' title='bbox 1312 2066 1315 2069; x_wconf 71' lang='grc'><strong>’</strong></span> 
     </span>
     <span class='ocr_line' id='line_1_14' title="bbox 482 2173 983 2258; baseline -0.008 -17"><span class='ocrx_word' id='word_1_54' title='bbox 482 2177 622 2241; x_wconf 80' lang='lat' dir='ltr'><strong>Cantare</strong></span> <span class='ocrx_word' id='word_1_55' title='bbox 635 2175 732 2255; x_wconf 85' lang='lat' dir='ltr'><strong>rivos,</strong></span> <span class='ocrx_word' id='word_1_56' title='bbox 748 2184 846 2258; x_wconf 86' lang='lat' dir='ltr'><strong>atque</strong></span> <span class='ocrx_word' id='word_1_57' title='bbox 860 2173 983 2238; x_wconf 77' lang='lat' dir='ltr'><strong>mincis</strong></span> 
     </span>
     <span class='ocr_line' id='line_1_15' title="bbox 461 2271 997 2353; baseline -0.002 -15"><span class='ocrx_word' id='word_1_58' title='bbox 461 2343 463 2349; x_wconf 65' lang='grc'>,</span> <span class='ocrx_word' id='word_1_59' title='bbox 525 2273 635 2350; x_wconf 80' lang='lat' dir='ltr'><strong>Lapsa</strong></span> <span class='ocrx_word' id='word_1_60' title='bbox 648 2274 739 2337; x_wconf 81' lang='lat' dir='ltr'><strong>cavis</strong></span> <span class='ocrx_word' id='word_1_61' title='bbox 753 2273 866 2338; x_wconf 88' lang='lat' dir='ltr'><strong>iterare</strong></span> <span class='ocrx_word' id='word_1_62' title='bbox 880 2271 997 2353; x_wconf 80' lang='lat' dir='ltr'><strong>mella;</strong></span> 
     </span>
    </p>
   </div>
   <div class='ocr_carea' id='block_1_7' title="bbox 440 2469 1289 2852">
    <p class='ocr_par' dir='ltr' id='par_1_9' title="bbox 440 2469 1289 2852">
     <span class='ocr_line' id='line_1_16' title="bbox 441 2469 1008 2555; baseline 0 -20"><span class='ocrx_word' id='word_1_63' title='bbox 441 2472 510 2536; x_wconf 87' lang='lat' dir='ltr'><strong>Fas</strong></span> <span class='ocrx_word' id='word_1_64' title='bbox 524 2481 556 2534; x_wconf 92' lang='lat' dir='ltr'><strong>et</strong></span> <span class='ocrx_word' id='word_1_65' title='bbox 570 2470 684 2535; x_wconf 89' lang='lat' dir='ltr'><strong>beatae</strong></span> <span class='ocrx_word' id='word_1_66' title='bbox 697 2472 844 2555; x_wconf 76' lang='lat' dir='ltr'><strong>conjugis</strong></span> <span class='ocrx_word' id='word_1_67' title='bbox 858 2469 1008 2535; x_wconf 89' lang='lat' dir='ltr'><strong>additum</strong></span> 
     </span>
     <span class='ocr_line' id='line_1_17' title="bbox 440 2560 1043 2653; baseline 0 -17"><span class='ocrx_word' id='word_1_68' title='bbox 440 2568 550 2636; x_wconf 81' lang='lat' dir='ltr'><strong>Stellis</strong></span> <span class='ocrx_word' id='word_1_69' title='bbox 563 2569 726 2650; x_wconf 86' lang='lat' dir='ltr'><strong>honorem,</strong></span> <span class='ocrx_word' id='word_1_70' title='bbox 742 2579 891 2653; x_wconf 87' lang='lat' dir='ltr'><strong>tectaque</strong></span> <span class='ocrx_word' id='word_1_71' title='bbox 905 2560 1043 2636; x_wconf 80' lang='lat' dir='ltr'><strong>Penthei</strong></span> 
     </span>
     <span class='ocr_line' id='line_1_18' title="bbox 483 2665 1289 2753; baseline 0.005 -20"><span class='ocrx_word' id='word_1_72' title='bbox 483 2668 706 2753; x_wconf 88' lang='lat' dir='ltr'><strong>Disjectanon</strong></span> <span class='ocrx_word' id='word_1_73' title='bbox 721 2669 904 2749; x_wconf 84' lang='lat' dir='ltr'><strong>lenimina,</strong></span> <span class='ocrx_word' id='word_1_74' title='bbox 1034 2702 1038 2709; x_wconf 89' lang='lat'><strong>·</strong></span> <span class='ocrx_word' id='word_1_75' title='bbox 1248 2665 1289 2730; x_wconf 81' lang='lat'><strong>15</strong></span> 
     </span>
     <span class='ocr_line' id='line_1_19' title="bbox 524 2767 1030 2852; baseline -0.002 -19"><span class='ocrx_word' id='word_1_76' title='bbox 524 2768 665 2848; x_wconf 66' lang='lat' dir='ltr'><strong>Thracis</strong></span> <span class='ocrx_word' id='word_1_77' title='bbox 679 2777 712 2832; x_wconf 91' lang='lat' dir='ltr'><strong>et</strong></span> <span class='ocrx_word' id='word_1_78' title='bbox 726 2768 863 2833; x_wconf 82' lang='lat' dir='ltr'><strong>exitium</strong></span> <span class='ocrx_word' id='word_1_79' title='bbox 877 2767 1030 2852; x_wconf 78' lang='lat' dir='ltr'><strong>Lycurgi.</strong></span> 
     </span>
    </p>
   </div>
   <div class='ocr_carea' id='block_1_8' title="bbox 440 2963 1288 3327">
    <p class='ocr_par' dir='ltr' id='par_1_10' title="bbox 440 2963 1288 3327">
     <span class='ocr_line' id='line_1_20' title="bbox 440 2963 1104 3046; baseline 0.002 -17"><span class='ocrx_word' id='word_1_80' title='bbox 440 2964 499 3029; x_wconf 79' lang='lat' dir='ltr'><strong>Tu</strong></span> <span class='ocrx_word' id='word_1_81' title='bbox 511 2963 615 3029; x_wconf 84' lang='lat' dir='ltr'><strong>flectis</strong></span> <span class='ocrx_word' id='word_1_82' title='bbox 629 2985 751 3046; x_wconf 85' lang='lat' dir='ltr'><strong>amnes,</strong></span> <span class='ocrx_word' id='word_1_83' title='bbox 767 2977 804 3029; x_wconf 91' lang='lat' dir='ltr'><strong>tu</strong></span> <span class='ocrx_word' id='word_1_84' title='bbox 819 2984 907 3029; x_wconf 86' lang='lat' dir='ltr'><strong>mare</strong></span> <span class='ocrx_word' id='word_1_85' title='bbox 921 2965 1104 3046; x_wconf 85' lang='lat' dir='ltr'><strong>barbarum,</strong></span> 
     </span>
     <span class='ocr_line' id='line_1_21' title="bbox 440 3063 949 3147; baseline -0.002 -19"><span class='ocrx_word' id='word_1_86' title='bbox 440 3063 499 3128; x_wconf 79' lang='lat' dir='ltr'><strong>Tu</strong></span> <span class='ocrx_word' id='word_1_87' title='bbox 512 3064 666 3146; x_wconf 83' lang='lat' dir='ltr'><strong>separetis</strong></span> <span class='ocrx_word' id='word_1_88' title='bbox 680 3063 801 3127; x_wconf 83' lang='lat' dir='ltr'><strong>uvidus</strong></span> <span class='ocrx_word' id='word_1_89' title='bbox 816 3064 851 3127; x_wconf 93' lang='lat' dir='ltr'><strong>in</strong></span> <span class='ocrx_word' id='word_1_90' title='bbox 860 3064 949 3147; x_wconf 82' lang='lat' dir='ltr'><strong>jugis</strong></span> 
     </span>
     <span class='ocr_line' id='line_1_22' title="bbox 482 3161 872 3244; baseline -0.008 -17"><span class='ocrx_word' id='word_1_91' title='bbox 482 3161 576 3227; x_wconf 86' lang='lat' dir='ltr'><strong>Nodo</strong></span> <span class='ocrx_word' id='word_1_92' title='bbox 589 3181 716 3227; x_wconf 88' lang='lat' dir='ltr'><strong>coerces</strong></span> <span class='ocrx_word' id='word_1_93' title='bbox 729 3161 872 3244; x_wconf 81' lang='lat' dir='ltr'><strong>viperino</strong></span> 
     </span>
     <span class='ocr_line' id='line_1_23' title="bbox 524 3257 1288 3327; baseline -0.003 0"><span class='ocrx_word' id='word_1_94' title='bbox 524 3259 730 3327; x_wconf 83' lang='lat' dir='ltr'><strong>Bistonidum</strong></span> <span class='ocrx_word' id='word_1_95' title='bbox 745 3259 814 3324; x_wconf 90' lang='lat' dir='ltr'><strong>sine</strong></span> <span class='ocrx_word' id='word_1_96' title='bbox 828 3259 942 3323; x_wconf 78' lang='lat' dir='ltr'><strong>haude</strong></span> <span class='ocrx_word' id='word_1_97' title='bbox 956 3257 1070 3325; x_wconf 89' lang='lat' dir='ltr'><strong>crines.</strong></span> <span class='ocrx_word' id='word_1_98' title='bbox 1245 3260 1288 3325; x_wconf 75' lang='lat'><strong>20</strong></span> 
     </span>
    </p>
   </div>
   <div class='ocr_carea' id='block_1_9' title="bbox 441 3456 1100 3839">
    <p class='ocr_par' dir='ltr' id='par_1_11' title="bbox 441 3456 1100 3839">
     <span class='ocr_line' id='line_1_24' title="bbox 441 3456 1100 3542; baseline 0 -19"><span class='ocrx_word' id='word_1_99' title='bbox 441 3459 508 3539; x_wconf 85' lang='lat' dir='ltr'><strong>Tu,</strong></span> <span class='ocrx_word' id='word_1_100' title='bbox 522 3478 600 3524; x_wconf 90' lang='lat' dir='ltr'><strong>cum</strong></span> <span class='ocrx_word' id='word_1_101' title='bbox 614 3459 762 3524; x_wconf 87' lang='lat' dir='ltr'><strong>Parentis</strong></span> <span class='ocrx_word' id='word_1_102' title='bbox 775 3477 875 3542; x_wconf 82' lang='lat' dir='ltr'><strong>regna</strong></span> <span class='ocrx_word' id='word_1_103' title='bbox 889 3477 945 3541; x_wconf 90' lang='lat' dir='ltr'><strong>per</strong></span> <span class='ocrx_word' id='word_1_104' title='bbox 958 3456 1100 3523; x_wconf 89' lang='lat' dir='ltr'><strong>arduum</strong></span> 
     </span>
     <span class='ocr_line' id='line_1_25' title="bbox 442 3557 1066 3642; baseline 0.002 -20"><span class='ocrx_word' id='word_1_105' title='bbox 442 3558 565 3622; x_wconf 83' lang='lat' dir='ltr'><strong>Cohors</strong></span> <span class='ocrx_word' id='word_1_106' title='bbox 580 3559 761 3642; x_wconf 86' lang='lat' dir='ltr'><strong>Gigantum</strong></span> <span class='ocrx_word' id='word_1_107' title='bbox 775 3557 943 3623; x_wconf 85' lang='lat' dir='ltr'><strong>scanderet</strong></span> <span class='ocrx_word' id='word_1_108' title='bbox 957 3557 1066 3642; x_wconf 84' lang='lat' dir='ltr'><strong>impia,</strong></span> 
     </span>
     <span class='ocr_line' id='line_1_26' title="bbox 482 3656 928 3723; baseline 0 -1"><span class='ocrx_word' id='word_1_109' title='bbox 482 3656 647 3722; x_wconf 85' lang='lat' dir='ltr'><strong>Rhoetum</strong></span> <span class='ocrx_word' id='word_1_110' title='bbox 661 3660 813 3723; x_wconf 89' lang='lat' dir='ltr'><strong>retorsisti</strong></span> <span class='ocrx_word' id='word_1_111' title='bbox 827 3659 928 3722; x_wconf 88' lang='lat' dir='ltr'><strong>leonis</strong></span> 
     </span>
     <span class='ocr_line' id='line_1_27' title="bbox 527 3754 1040 3839; baseline -0.004 -19"><span class='ocrx_word' id='word_1_112' title='bbox 527 3755 700 3839; x_wconf 80' lang='lat' dir='ltr'><strong>Unguibus</strong></span> <span class='ocrx_word' id='word_1_113' title='bbox 714 3756 919 3839; x_wconf 88' lang='lat' dir='ltr'><strong>horribilique</strong></span> <span class='ocrx_word' id='word_1_114' title='bbox 933 3754 1040 3836; x_wconf 82' lang='lat' dir='ltr'><strong>malu;</strong></span> 
     </span>
    </p>
   </div>
   <div class='ocr_carea' id='block_1_10' title="bbox 0 0 1430 4342">
    <p class='ocr_par' dir='ltr' id='par_1_12' title="bbox 0 0 1430 4342">
     <span class='ocr_line' id='line_1_28' title="bbox 0 0 1430 4342; baseline 0 0"><span class='ocrx_word' id='word_1_115' title='bbox 0 0 1430 4342; x_wconf 95' lang='lat' dir='ltr'><strong> </strong></span> 
     </span>
    </p>
   </div>
  </div>
 </body>
</html>
