2842 4342
486 349 673 400 omnem
724 348 831 400 uxr
1130 332 1179 405 89

329 507 398 574 Nec
415 507 536 589 loquax
551 506 629 569 olim
643 526 749 589 neque
765 514 864 590 grata
880 516 1017 570 nuncet
1156 511 1178 573 5

331 608 481 672 Divitnm
495 607 616 670 mensis
630 616 663 669 et
676 606 784 670 amica
797 605 933 689 templis,

330 708 391 772 Dic
406 706 528 786 modos,
543 704 638 788 Lyde
651 707 773 788 quibus
787 706 965 770 obstinatas

413 805 561 889 Applicet
574 824 677 884 aures,

329 1006 436 1083 Quae,
452 1003 542 1067 velut
556 1002 631 1066 latis
646 1021 733 1085 equa
747 1002 843 1066 trima
856 1003 982 1086 campis

330 1103 431 1168 Ludit
444 1102 607 1181 exsultim,
623 1101 803 1184 metuitque
817 1102 917 1185 tangi,
1139 1104 1179 1168 10

330 1203 525 1285 Nuptiarum
540 1220 656 1284 expers
671 1211 704 1264 et
717 1200 826 1265 adhuc
840 1210 987 1284 protervo

414 1300 525 1365 Cmda
540 1302 664 1365 marito.

328 1500 387 1565 Tu
401 1510 491 1584 potes
507 1501 602 1584 tigres
617 1502 814 1584 comitesque
829 1502 929 1567 silvas

331 1601 457 1664 Ducere
471 1610 504 1663 et
517 1602 603 1664 rivos
617 1601 737 1664 celeres
752 1602 868 1666 morari
881 1623 889 1685 3

331 1701 436 1764 Gessit
449 1701 602 1763 immanis
617 1701 674 1764 tibi
689 1701 868 1765 blandienti
1137 1706 1177 1769 15

413 1799 537 1864 Janitor
550 1799 655 1879 aulae,

331 2000 496 2079 Gerbems,
511 1999 663 2081 quamvis
677 1997 792 2062 liuiale
806 2008 939 2063 centum

332 2099 484 2164 Muniant
498 2117 622 2181 angues
636 2108 736 2182 capnt
749 2101 827 2183 ejus,
843 2108 940 2183 atque

330 2199 468 2283 Spiritus
483 2209 561 2262 teter
574 2199 748 2281 saniesque
761 2209 872 2264 manet

415 2298 478 2363 Ore
492 2297 643 2381 trilingui

330 2499 425 2569 Quin
438 2509 471 2562 et
484 2498 579 2561 Ixion
594 2497 780 2580 Tityosque
793 2496 888 2562 vultu

331 2598 416 2663 Risit
429 2598 538 2678 invito,
554 2596 641 2660 stetit
655 2615 738 2659 urna
752 2596 902 2679 paullum

331 2697 434 2777 Sicca,
449 2696 530 2760 dum
544 2706 634 2780 grato
648 2697 758 2761 Danai
772 2697 898 2781 puellas

415 2796 566 2860 Carmine
580 2796 715 2861 mulces.

331 3008 453 3074 Audiat
466 3008 561 3093 Lytle
576 3009 682 3073 scelus
696 3020 796 3093 atque
811 3018 903 3074 notas
1132 3012 1174 3077 25

333 3110 502 3193 virginum
516 3129 637 3192 poenos
651 3120 684 3173 et
698 3111 795 3175 inane
810 3111 964 3196 lymphae

331 3209 464 3273 Dulium
479 3208 581 3273 fundo
595 3211 757 3293 pereuntis
772 3212 837 3275 imo

413 3310 557 3392 Seraqua
572 3308 647 3391 fata,

330 3524 428 3594 Quae
444 3533 580 3588 manent
592 3523 707 3606 culpas
721 3523 820 3586 etiam
833 3523 895 3586 sub
910 3521 1002 3589 Orco.

330 3622 575 3706 Impiae-nam
587 3623 814 3707 quidpotncre
828 3623 958 3707 majusl
1134 3621 1177 3687 30

259 3820 290 3872 0.
302 3822 335 3872 si.
348 3823 385 3874 18,
404 3824 737 3888 etput,excetque‚‹leconj.
750 3823 831 3874 Bessi
896 3820 938 3873 80.
955 3820 1078 3885 numqua
