2842 4342
670 354 871 409 ommi

412 512 626 595 Famcsisque
639 512 822 576 laboribus:

454 612 584 677 Maturo
598 611 722 694 propior
735 610 846 674 desine
860 609 966 675 funeri

412 709 624 776 Interludere
638 710 787 793 virgines,
1260 711 1281 772 ὗ

455 810 501 875 Et
514 809 614 874 stellis
627 808 782 873 nebulam
796 827 944 891 spargere
958 806 1114 873 candidis

414 911 498 985 Nou,
513 910 542 973 si
555 908 635 992 quid
648 907 793 972 Pholoen
807 908 894 988 satis,

456 1010 503 1073 Et
516 1020 555 1090 te,
571 1008 689 1088 Chlori,
704 1006 815 1071 decet:
837 1006 907 1072 filia
919 1006 1037 1070 rectius

414 1110 596 1193 Expugnat
604 1109 767 1191 juvenum
780 1105 901 1187 domos,

456 1208 556 1273 Pulso
571 1206 700 1288 Thyias
716 1206 764 1269 uti
778 1205 904 1269 concita
919 1215 1082 1288 tympano.
1241 1202 1282 1269 lu

415 1307 512 1372 Illam
525 1305 611 1388 cogit
624 1323 715 1368 amor
728 1304 829 1369 Nothi

457 1405 616 1470 Lascivae
630 1403 770 1467 similem
784 1402 895 1467 ludere
909 1420 1060 1484 capreae:

415 1505 468 1569 'I'a
481 1504 576 1568 lanae
590 1521 686 1586 prope
700 1502 842 1566 nobilem

457 1604 590 1669 'I'ousae
604 1601 785 1682 Luceriam,
800 1619 867 1664 non
880 1600 1030 1679 citharae,
1045 1598 1169 1677 decent,

416 1702 486 1767 Nec
500 1700 560 1766 flos
574 1718 754 1784 purpureus
767 1718 867 1780 rosae,
1242 1697 1282 1760 15

457 1801 527 1866 Nec
541 1800 615 1884 poti,
629 1799 783 1877 vetulam,
797 1796 887 1862 faece
901 1808 996 1862 tenus
1010 1794 1092 1860 cadi

626 2415 808 2479 GARMEN
835 2414 923 2477 XVI.

563 2629 618 2672 An
651 2627 997 2673 ΜΔΕΟΕΝΔΤΕΜ.

393 2800 560 2885 ΙῖιοΙῖιεᾱηι
575 2803 714 2884 offlam
728 2796 823 2884 furiis
837 2794 972 2900 afferma,

393 2918 622 3002 Robustaequa
637 2919 766 3002 sereser
779 2902 917 3001 vigilum
930 2906 1052 2981 canri'm

393 3015 519 3080 'I'nstes
533 3017 692 3080 excubiae
706 3017 891 3107 munierarrt
905 3012 984 3079 satis

518 3112 691 3179 Nocturnis
705 3114 749 3177 ab
763 3106 925 3191 adulteris,

392 3327 430 3393 si
443 3346 510 3391 non
524 3326 694 3407 Acrisium,
709 3325 844 3408 virginis
858 3323 987 3388 abditae
1263 3334 1283 3391 5

392 3426 570 3492 Custodem
583 3425 748 3511 pavidum,
764 3426 889 3509 Jupiter
902 3435 934 3489 et
948 3425 1060 3490 Venus

391 3524 570 3591 Risissent:
592 3526 659 3591 fora
672 3527 761 3591 euim
775 3536 883 3591 tutum
898 3526 1003 3589 iteret
1016 3535 1131 3609 pateus

516 3625 678 3690 Conversa
692 3624 728 3693 in
741 3628 879 3711 pretium
893 3626 961 3690 deo.

703 3826 740 3875 16.
758 3827 864 3877 vetula·
