2842 4342
680 351 881 404 oamssm

636 648 817 713 OARuuu
844 649 932 710 XXI.

590 862 649 905 AD
685 860 981 906 ΑΜΡΗΟΒΔΜ.

426 1054 456 1119 O
470 1064 549 1117 nata
563 1070 693 1116 mecum
705 1050 838 1114 consule
853 1049 985 1129 Manlio,

425 1153 492 1217 Seu
507 1161 543 1214 tu
557 1149 703 1232 querelas
718 1149 788 1212 sive
802 1149 884 1231 geris
893 1150 983 1232 jocos

467 1250 535 1314 Seu
549 1249 655 1311 rixam
669 1257 702 1310 et
716 1247 849 1311 insanos
863 1266 988 1311 amores

507 1346 575 1411 Seu
589 1344 727 1425 facilem,
742 1346 797 1428 pia
811 1355 901 1426 testa,
917 1363 1086 1426 somnum3

425 1546 632 1625 Quocunque
647 1542 768 1606 lectum
782 1543 915 1607 nomine
930 1542 1107 1607 Massicum

424 1644 551 1722 Servas,
566 1641 687 1705 moveri
701 1640 802 1723 digna
815 1641 899 1704 bono
913 1640 974 1722 die,

466 1738 641 1820 Descende,
656 1739 797 1803 Corvino
806 1739 948 1823 jubente,

505 1839 652 1904 Promere
669 1836 872 1920 languidiora
885 1837 972 1901 vina

420 2034 495 2099 Non
508 2034 571 2114 ille,
585 2051 775 2117 quanquam
789 2033 958 2097 Socraticis
974 2031 1085 2097 madet

420 2131 637 2211 sermonibus,
653 2140 685 2193 te
699 2130 841 2214 negliget
854 2129 1018 2196 horridus:

461 2229 618 2294 Narratur
632 2238 665 2292 et
677 2228 773 2312 prisci
788 2229 921 2294 Catonis

504 2326 608 2409 Saepe
622 2346 709 2391 mero
724 2326 862 2392 caluisse
877 2327 988 2391 virtus.

418 2522 476 2587 Tu
490 2521 561 2586 lene
576 2532 771 2587 tormentum
784 2524 916 2607 ingenio
929 2522 1083 2586 admoves

418 2621 612 2704 Plerumque
625 2620 726 2685 duro:
750 2632 786 2686 tu
801 2622 996 2704 sapientium

459 2720 564 2784 Caras
578 2729 611 2783 et
624 2739 781 2784 arcanum
790 2722 900 2805 jocoso

501 2819 683 2884 Consilium
696 2820 812 2903 retegis
826 2821 955 2903 Lyae03

781 2974 799 3004 Ο

417 3017 475 3079 Tu
490 3034 581 3097 spem
595 3015 722 3079 reducis
736 3016 899 3080 mentibus
913 3015 1022 3079 anxiis

418 3114 579 3195 viresque,
595 3123 627 3175 et
641 3111 735 3175 addis
749 3132 870 3176 cornua
884 3114 1027 3196 pauperi,

458 3212 536 3276 Post
549 3221 580 3273 te
596 3228 702 3291 neque
717 3211 813 3273 iratos
828 3212 976 3273 trementi

501 3311 629 3394 Regum
643 3309 750 3392 apices
764 3327 869 3390 neque
883 3307 1025 3372 militum
1039 3327 1138 3373 arma

418 3507 470 3569 'l'e
484 3507 589 3587 Liber,
605 3517 644 3587 et,
660 3506 688 3570 si
703 3506 788 3569 laeta
802 3504 911 3586 aderit,
927 3504 1047 3585 Venus,

416 3604 604 3686 segnesque
619 3605 743 3669 nodum
757 3605 881 3668 solvere
895 3605 1025 3668 Gratiae

568 3799 597 3849 Gi
609 3801 658 3848 xxi.
674 3802 710 3849 1⁰.
728 3801 849 3863 negleget,
862 3801 977 3851 Orelliaa.

1265 1544 1286 1606 ὅ

1244 2130 1283 2193 10

1242 2716 1280 2779 15

1239 3307 1282 3371 2⁰
