2842 4342
504 377 615 428 nnana
638 378 689 429 1v.
739 377 769 429 o.
794 377 858 429 xv.
894 314 897 319 Ι
1116 355 1185 435 18⁸1
1289 392 1293 400 ’

328 535 513 618 Tampius,
529 545 560 597 te
574 534 749 598 eonsilium
763 544 796 598 et
810 544 882 597 tuos

329 636 505 700 Praebente
519 632 622 698 divos.
667 633 764 713 Nam,
780 634 838 698 tibi
853 632 984 717 quodie

370 734 486 797 Portus
501 731 708 795 Alexandrea
723 730 861 815 supplex
1144 730 1187 796 35

412 832 457 896 Et
472 851 612 895 menam
626 830 776 914 patefecit
790 832 911 912 aulam,

331 1017 476 1080 Fortuna
489 1016 591 1078 lustro
605 1033 755 1097 prospera
770 1015 862 1077 tertio

332 1115 413 1180 Belli
428 1115 589 1179 secundos
603 1113 742 1178 reddidit
756 1116 873 1195 exitus,

371 1213 585 1296 laudemque
599 1224 631 1278 et
645 1224 794 1296 optatum
807 1215 944 1298 peractis
1016 1288 1021 1297 ¹

413 1315 560 1398 Imperiis
576 1313 677 1378 decus
691 1314 861 1398 arrogavit
1145 1310 1189 1375 40

331 1512 383 1575 Te
397 1513 559 1576 Cantaber
574 1531 639 1575 non
654 1521 731 1575 ante
745 1511 925 1598 domabilis,

331 1610 513 1694 Medusque
526 1622 559 1675 et
573 1611 685 1705 Indus,
700 1622 732 1674 ta
746 1610 902 1694 profugus
915 1609 1056 1693 Scythes

372 1709 516 1790 Miratur,
532 1729 552 1772 o
567 1710 668 1773 tutela
682 1729 834 1793 praesens

414 1808 527 1873 Italiae
542 1809 759 1892 dominaeque
773 1809 906 1874 Romae.

332 2006 392 2087 Te,
408 2005 546 2071 sontium
560 2007 616 2089 qui
631 2007 716 2071 eelat
729 2007 876 2090 origines,

333 2104 492 2188 Nilusque
506 2116 539 2169 et
553 2107 642 2186 Ister,
658 2117 690 2169 te
704 2105 836 2189 rapidus
850 2105 972 2189 Tigris,

373 2206 425 2269 Te
438 2204 606 2269 belluosus
621 2206 678 2287 qui
691 2205 823 2269 remotis

414 2304 578 2389 Obstrepit
592 2305 746 2369 Oceanus
760 2304 932 2385 Britannis,

335 2503 467 2567 Tenon
481 2504 630 2587 paventis
644 2504 760 2568 funera
775 2503 901 2567 Galliae

335 2601 508 2685 Duraeque
523 2604 620 2667 tellus
634 2604 727 2668 audit
740 2604 909 2667 Hiberiae:

374 2702 427 2766 'I'e
441 2703 540 2768 caede
555 2703 735 2786 gaudentes
750 2702 924 2786 Sygambri

417 2802 612 2884 Compositis
627 2813 822 2867 venerantur
836 2802 942 2866 armis.

544 3358 726 3421 ΟΔΒΜΕΝ
760 3359 828 3421 XV.

364 3554 578 3600 CAESARIS
612 3558 797 3603 tuous'n
832 3556 1008 3603 nauum.

343 3708 805 3817 roobastvtaramtfoett
819 3732 872 3799 me
886 3728 975 3821 loqui

345 3820 455 3895 Vi‘etas
465 3814 501 3896 ’ἔτ
516 3828 610 3897 urbes
625 3820 783 3917 fficrdpir'i‘t
797 3818 876 3918 Ιῇτέ,
