2842 4342
529 363 715 414 mxv·
765 365 870 416 um

422 520 497 585 Non
511 530 586 584 ante
600 519 753 603 vulgatas
766 540 823 605 per
836 531 919 586 artes

465 620 570 683 Verba
584 620 697 703 loquor
710 620 865 685 socianda
877 621 1014 686 chordis.

378 817 461 897 Non,
476 818 504 880 si
518 817 635 899 priores
651 816 822 881 Maeonius
836 828 923 882 tenet

378 915 479 981 Sedes
493 916 662 995 Homerus,
678 915 868 981 Pindaricae
882 916 984 982 latent

420 1015 570 1096 Ceaeque
583 1023 617 1078 et
630 1014 743 1079 Alcaei
756 1015 901 1079 minaces

460 1113 698 1195 Stesichorique
712 1132 826 1196 graves
842 1115 1023 1198 Camenae3

378 1309 455 1390 Nec,
471 1310 499 1373 si
513 1308 593 1392 quid
607 1308 685 1373 olim
700 1308 778 1373 lusit
791 1310 968 1393 Anacreon,

379 1408 508 1472 Delevit
522 1418 629 1472 aetas:
652 1408 751 1491 spirat
765 1407 874 1473 adhuc
888 1428 984 1491 amor,

421 1508 607 1590 vivuntque
621 1507 786 1571 commissi
799 1507 921 1572 calores

462 1606 594 1671 Aeoliae
609 1606 730 1671 fidibus
743 1607 880 1690 puellae.

379 1788 453 1854 Non
468 1788 537 1851 sola
550 1800 694 1871 comptos
709 1761 787 1852 arsit
801 1788 939 1852 adulteri

382 1888 541 1967 Orines‚et
555 1891 674 1953 eurum
688 1888 833 1952 vestibus
847 1887 966 1951 illitum

422 1986 540 2050 Mirum
553 1985 742 2069 regalesque
759 1985 868 2050 cultus

463 2083 510 2150 Et
521 2086 654 2149 comites
668 2085 792 2149 Helene
806 2085 967 2167 Lacaena,

380 2267 549 2330 Primusve
562 2267 691 2331 Teucer
706 2267 771 2331 tela
785 2266 932 2351 Cydonio

380 2366 507 2429 Direxit
521 2385 617 2447 arcu3
640 2384 706 2429 uon
721 2365 821 2430 semel
835 2366 912 2431 Ilios

422 2464 566 2546 Vexata3
589 2483 656 2528 non
669 2465 830 2549 pugnavit
843 2465 957 2549 ingens

463 2562 659 2627 Idomeneus
673 2563 889 2628 Sthenelusve
903 2564 992 2628 solus

380 2743 528 2809 Dicenda
541 2744 647 2809 Musis
661 2745 799 2828 proelia:
821 2764 888 2810 nou
903 2744 993 2811 ferox

379 2843 499 2907 Hector
511 2843 564 2907 vel
578 2863 653 2907 acer
667 2844 859 2928 Deiphobus
873 2863 987 2928 graves

421 2942 562 3026 Excepit
576 2943 660 3007 ictus
673 2963 731 3028 pro
744 2943 871 3028 pudicis

464 3042 665 3127 Gonjugibus
678 3044 851 3127 puerisque
864 3042 997 3127 primus.

381 3222 498 3288 Vixere
511 3223 607 3289 fortes
622 3234 698 3289 ante
712 3226 961 3309 Agamemnona

382 3321 496 3405 Multi3
520 3324 577 3388 sed
591 3344 703 3389 omnes
718 3322 956 3388 illacrimabiles

423 3422 586 3507 Urgentur
599 3424 763 3507 ignotique
776 3425 874 3505 longa

464 3523 575 3605 Nocte,
590 3534 701 3588 carent
714 3522 792 3606 quia
805 3530 880 3586 vate
894 3540 993 3586 sacro.

382 3706 537 3772 Paullum
551 3707 696 3790 sepultae
710 3706 810 3770 distat
822 3706 954 3770 inertiae

385 3805 500 3872 Celata
512 3807 624 3871 virtus.
666 3806 742 3967 {on
755 3824 815 3888 ego
829 3815 860 3870 te
874 3805 955 3871 meis

1131 350 1202 422 129
