2842 4342
495 333 684 387 mnam
735 339 894 393 am
1133 330 1203 403 111

313 487 532 554 Fastidioeem
545 490 655 555 desere
669 494 797 576 copiam
810 506 843 559 et

312 585 434 652 Molem
446 589 662 672 propinquam
675 592 819 659 nubibus
832 596 961 664 arduis:
1161 606 1203 670 10

353 686 475 751 Omitte
489 689 598 753 mirari
611 690 725 755 beatae

395 787 543 853 Fumum
557 799 590 853 et
603 809 680 873 opes
694 794 928 879 strepitumque
941 798 1073 864 Romae.

313 983 507 1067 Plerumque
522 997 631 1070 gratae
645 987 801 1054 divitibus
815 992 911 1074 vices,

311 1082 519 1167 Mundaeqrra
533 1106 634 1169 parvo
648 1089 712 1153 eub
726 1089 792 1153 lare
805 1110 986 1177 pauperum

352 1183 488 1265 Coenae,
504 1186 574 1249 aine
588 1186 713 1251 ardaeie
727 1198 760 1252 et
773 1199 865 1272 ostro,
1160 1199 1200 1263 15

393 1283 573 1348 Sollicitam
586 1286 770 1368 explicuere
783 1287 928 1355 frontem

310 1479 384 1544 Jam
398 1480 506 1545 clarus
521 1483 687 1547 occultum
701 1484 926 1553 Andromedae
939 1502 1030 1572 pater

309 1578 458 1644 Ostendit
471 1582 590 1664 ignem,
600 1584 671 1666 jam
685 1584 832 1668 Procyon
847 1586 924 1653 furit

350 1677 396 1741 Et
409 1679 503 1742 atella
516 1682 630 1745 vesani
644 1682 772 1765 leonia

391 1779 466 1844 Sole
480 1778 550 1844 dies
565 1779 720 1845 referente
734 1783 854 1849 aieoos:

308 1973 383 2039 Jam
396 1985 504 2058 pastor
518 1978 650 2042 umbras
663 1998 742 2045 eum
756 2000 852 2065 grege
867 1982 1023 2067 languido

307 2073 494 2158 Rivtunque
508 2076 614 2141 fessus
631 2080 757 2161 quaerit
770 2091 803 2144 et
816 2080 935 2146 horridi

350 2173 493 2238 Dumeta
508 2175 654 2259 Silvaui;
677 2188 829 2263 caretque

389 2272 474 2356 Ripa
488 2275 582 2358 vagis
597 2276 759 2343 taciturna
771 2280 885 2344 ventie.
984 2366 988 2373 .

306 2467 372 2550 Tu,
387 2470 551 2537 civitatem
565 2474 639 2557 quia
651 2474 766 2541 deceat
780 2488 893 2561 statua,

308 2568 419 2650 Curae,
435 2580 467 2634 et
481 2571 561 2636 Urbi
574 2573 731 2638 sollicitus
745 2575 847 2659 times,
866 2660 870 2673 .

347 2668 440 2740 Quid
455 2671 548 2735 Seres
562 2682 594 2735 et
608 2684 742 2756 regnata
757 2676 844 2759 Cyro

389 2768 506 2833 Baetra
520 2782 633 2854 parent
646 2773 838 2858 Tanaisque
852 2775 981 2841 dneora

306 2977 452 3044 Prudens
466 2981 566 3046 futuri
580 2986 731 3067 temporis
746 2987 871 3051 exitum

306 3076 492 3162 Caliginoea
505 3092 598 3146 noete
611 3084 727 3166 premit
741 3083 830 3165 deus,

347 3176 516 3261 Ridetque,
531 3181 560 3244 ai
573 3182 718 3246 mortalis
733 3183 818 3247 ultra

388 3277 456 3341 Fae
471 3279 615 3362 trepidat.
659 3281 760 3352 Quod
774 3281 875 3363 adest,
891 3292 1054 3348 memento

305 3486 503 3572 Componere
517 3511 662 3575 aequw
685 3504 791 3558 cetera
805 3493 951 3560 fluminis

305 3585 384 3652 Ritu
397 3588 552 3672 seruntur,
566 3610 657 3657 nune
670 3591 777 3657 medio
791 3593 885 3659 alveo

493 3806 535 3856 ³4.
552 3806 634 3857 madio
644 3821 757 3869 aequore.
768 3808 884 3861 Oraeliim.
