2842 4342
106 401 111 411 .
250 334 323 405 224
651 351 866 404 sammon

248 510 424 575 Peccatum
437 508 546 590 fateor,
561 527 640 573 cum
654 520 686 573 ta
700 511 748 573 aic
763 522 903 594 tempore
919 517 1012 574 laevo

247 609 499 691 Interpellarim:
521 608 579 672 aed
593 608 652 673 dea
665 611 798 674 veniam
814 611 926 691 bonus,
941 629 1004 673 oro.
1251 612 1273 677 ὅ

247 707 376 779 Quodsi
391 708 585 772 interciderit
599 710 657 772 tibi
670 728 760 773 nuuc
775 709 908 792 aliquid,
924 720 1045 792 repetes
1059 728 1150 791 mox,

247 813 324 878 Sive
337 822 388 876 est
400 822 537 876 naturae
550 812 613 876 lroc
628 813 697 876 aive
712 813 798 893 artis,
814 813 915 875 mirus
929 822 1117 893 utroque-

247 913 341 983 Quin
356 912 390 976 id
403 922 471 976 erat
484 931 590 991 curae,
605 931 672 994 quo
686 922 781 994 pacto
795 922 915 975 cuncta
930 921 1079 990 tenerem,

247 1011 364 1094 Utpote
378 1032 429 1075 rea
443 1022 566 1090 tenues,
581 1012 672 1075 tenui
686 1030 833 1075 sermone
848 1021 1047 1093 peractas.-

248 1110 319 1173 Ede
334 1111 475 1174 hominia
489 1129 626 1174 nomen:
642 1111 742 1174 simul
753 1120 785 1173 et
795 1111 964 1175 Romanus
978 1128 1022 1172 an
1036 1109 1210 1191 hocpea—
1229 1108 1270 1172 1⁰

247 1210 321 1292 Ipsa
335 1229 459 1274 memor
473 1220 642 1293 praecepta
655 1230 783 1290 canam,
798 1209 955 1273 celabitur
968 1218 1087 1272 auctor.

246 1309 362 1391 Longa
376 1310 496 1392 quibus
510 1308 610 1374 facies
624 1312 695 1374 ovis
709 1310 776 1390 erit,
792 1310 848 1373 illa
862 1318 1032 1387 memento,

249 1408 291 1471 Ut
304 1409 394 1472 succi
409 1408 548 1472 melioria
563 1420 595 1473 et
610 1420 647 1473 ut
660 1410 767 1492 magis
782 1409 858 1472 alba
871 1408 1026 1486 rotundis,

247 1508 386 1569 Ponere:
410 1526 553 1589 numque
567 1527 691 1571 marem
705 1509 857 1572 cohibent
870 1507 992 1570 callosa
1005 1505 1164 1569 vitellum.

247 1605 350 1668 Caule
363 1606 558 1685 suburbano,
573 1607 631 1688 qui
644 1607 739 1670 siccis
753 1606 856 1669 crevit
868 1607 902 1669 in
917 1606 1011 1688 agria,
1225 1603 1264 1667 1⁵

247 1703 398 1767 Dulcior:
420 1704 539 1787 irriguo
553 1705 637 1768 nihil
650 1715 700 1769 est
714 1704 834 1769 elutius
849 1705 948 1767 horto.

176 1818 187 1838 ·
246 1803 282 1866 Si
297 1804 499 1886 vespertinus
513 1803 620 1868 subito
634 1814 666 1867 te
679 1805 869 1887 oppresserit
883 1804 1008 1886 hospes,

246 1900 297 1966 Ne
310 1903 433 1985 gallina
447 1903 574 1967 mulum
587 1914 752 1986 responset
766 1903 848 1966 dura
862 1902 978 1985 palato,

246 2001 371 2065 Doctua
384 2003 446 2065 erio
460 2002 572 2066 rivam
586 2003 689 2066 mixto
703 2022 843 2066 mersare
857 2001 1014 2066 Falerno:

245 2098 316 2162 Hoc
332 2110 475 2165 teneram
489 2101 594 2166 faciec
610 2132 613 2137 ⁴
637 2102 848 2167 Pratensibus
861 2101 984 2184 optimu
997 2099 1108 2182 fungis
1217 2099 1262 2164 w

244 2197 371 2262 Natura
384 2210 451 2264 eat:
473 2199 547 2264 aliia
561 2200 647 2265 male
661 2201 809 2265 creditur.
853 2201 912 2265 Ille
926 2199 1071 2263 salubres

244 2298 391 2362 Aestatea
405 2309 544 2382 peraget,
560 2301 618 2383 qui
632 2301 732 2383 nigris
745 2299 883 2383 prandia
896 2299 994 2363 moris

244 2396 361 2476 Finiat,
376 2407 452 2461 ante
466 2417 599 2481 gravem
614 2418 700 2482 quae
715 2400 826 2482 legerit
840 2400 950 2463 arbore
964 2397 1074 2461 solem.

244 2496 398 2561 Aufidius
412 2496 485 2562 lorti
499 2498 656 2563 miscebat
670 2499 769 2563 mella
784 2498 932 2578 Falemo‚

243 2595 408 2676 Mendoae,
423 2598 578 2679 quoniam
592 2598 707 2662 vacuis
721 2598 919 2661 committere
934 2596 1026 2660 venia
1219 2595 1259 2659 25
1393 2586 1394 2595 ³

243 2696 297 2760 Nil
313 2696 376 2760 uisi
390 2696 462 2761 lene
476 2695 586 2761 decet:
609 2697 675 2761 leni
688 2696 875 2780 praecordia
889 2696 995 2759 mulso

242 2795 402 2859 Prolueria
416 2796 542 2861 melius.
585 2796 623 2862 Si
636 2796 719 2860 dura
732 2796 908 2860 morabitur
922 2794 1026 2874 alvus,

243 2894 379 2958 Mitulus
393 2904 425 2958 et
439 2895 521 2959 viles
535 2895 656 2979 pellent
669 2895 831 2960 obstantia
844 2895 989 2959 conchae

242 2992 287 3056 Et
302 2993 425 3076 lapathi
438 2994 545 3058 brevic
559 2996 666 3075 herba,
682 2994 740 3058 aed
755 2995 829 3059 albo
842 3013 908 3058 uon
923 2993 994 3057 ciue
1007 2993 1084 3056 Ooo.

242 3092 382 3156 Lubrica
395 3093 717 3176 nascentccimpleut
730 3094 903 3177 conchylia
918 3092 1035 3172 luuac3
1218 3089 1261 3154 30

241 3191 307 3256 Sed
320 3212 386 3256 non
401 3212 496 3257 omne
510 3212 599 3257 mure
613 3204 663 3257 eat
677 3214 850 3278 generosae
866 3193 967 3258 fertile
981 3201 1091 3256 testae.

241 3291 365 3356 Murice
380 3293 503 3358 Baiano
518 3294 629 3359 melior
642 3294 786 3358 Lucrina
802 3293 927 3378 peloris,

242 3389 357 3454 Ostrea
371 3393 511 3474 Circeiis,
527 3394 653 3458 Miseno
666 3394 814 3458 oriuntur
827 3393 953 3474 echiui;

242 3489 426 3555 Pectinibua
441 3493 561 3576 patulis
570 3496 673 3578 jactat
687 3514 722 3557 se
736 3493 832 3558 molle
847 3493 1040 3557 Tarentum

242 3586 310 3653 Nee
325 3589 386 3652 sibi
399 3609 576 3656 coenarum
590 3593 698 3677 quivis
713 3603 830 3657 temere
845 3601 970 3675 arroget
984 3601 1095 3670 artem,
1217 3589 1260 3653 35

343 3818 589 3887 irenaceo.
657 3819 1159 3890 romueoeoamaq,
