<?xml version="1.0" encoding="UTF-8"?>
<!DOCTYPE html PUBLIC "-//W3C//DTD XHTML 1.0 Transitional//EN"
    "http://www.w3.org/TR/xhtml1/DTD/xhtml1-transitional.dtd">
<html xmlns="http://www.w3.org/1999/xhtml" xml:lang="en" lang="en">
 <head>
  <title>
</title>
<meta http-equiv="Content-Type" content="text/html;charset=utf-8" />
  <meta name='ocr-system' content='tesseract 3.04.00' />
  <meta name='ocr-capabilities' content='ocr_page ocr_carea ocr_par ocr_line ocrx_word'/>
</head>
<body>
  <div class='ocr_page' id='page_1' title='image "./workshorace09horagoog_0254.png"; bbox 0 0 2842 4342; ppageno 0'>
   <div class='ocr_carea' id='block_1_1' title="bbox 222 329 835 398">
    <p class='ocr_par' dir='ltr' id='par_1_1' title="bbox 222 329 835 398">
     <span class='ocr_line' id='line_1_1' title="bbox 222 329 835 398; baseline -0.008 -2"><span class='ocrx_word' id='word_1_1' title='bbox 222 329 293 398; x_wconf 72' lang='lat'><strong>206</strong></span> <span class='ocrx_word' id='word_1_2' title='bbox 619 340 835 393; x_wconf 72' lang='lat' dir='ltr'><strong>sammon</strong></span> 
     </span>
    </p>
   </div>
   <div class='ocr_carea' id='block_1_2' title="bbox 215 498 1407 3368">
    <p class='ocr_par' dir='ltr' id='par_1_2' title="bbox 220 498 1025 583">
     <span class='ocr_line' id='line_1_2' title="bbox 220 498 1025 583; baseline -0.006 -17"><span class='ocrx_word' id='word_1_3' title='bbox 220 506 372 566; x_wconf 78' lang='lat' dir='ltr'><strong>Attamen</strong></span> <span class='ocrx_word' id='word_1_4' title='bbox 387 512 419 563; x_wconf 89' lang='lat' dir='ltr'><strong>et</strong></span> <span class='ocrx_word' id='word_1_5' title='bbox 428 502 555 583; x_wconf 90' lang='lat' dir='ltr'><strong>justum</strong></span> <span class='ocrx_word' id='word_1_6' title='bbox 569 509 694 581; x_wconf 83' lang='lat' dir='ltr'><strong>poteras</strong></span> <span class='ocrx_word' id='word_1_7' title='bbox 708 509 740 561; x_wconf 91' lang='lat' dir='ltr'><strong>et</strong></span> <span class='ocrx_word' id='word_1_8' title='bbox 754 498 890 562; x_wconf 84' lang='lat' dir='ltr'><strong>scribere</strong></span> <span class='ocrx_word' id='word_1_9' title='bbox 903 498 1025 578; x_wconf 80' lang='lat' dir='ltr'><strong>fortem,</strong></span> 
     </span>
    </p>

    <p class='ocr_par' dir='ltr' id='par_1_3' title="bbox 220 594 1126 682">
     <span class='ocr_line' id='line_1_3' title="bbox 220 594 1126 682; baseline -0.006 -17"><span class='ocrx_word' id='word_1_10' title='bbox 220 598 405 682; x_wconf 82' lang='lat' dir='ltr'><strong>Scipiadam</strong></span> <span class='ocrx_word' id='word_1_11' title='bbox 419 609 457 661; x_wconf 91' lang='lat' dir='ltr'><strong>ut</strong></span> <span class='ocrx_word' id='word_1_12' title='bbox 471 598 600 680; x_wconf 87' lang='lat' dir='ltr'><strong>sapiens</strong></span> <span class='ocrx_word' id='word_1_13' title='bbox 613 594 915 662; x_wconf 82' lang='lat' dir='ltr'><strong>Lucilius-Haud</strong></span> <span class='ocrx_word' id='word_1_14' title='bbox 929 597 1011 661; x_wconf 90' lang='lat' dir='ltr'><strong>mihi</strong></span> <span class='ocrx_word' id='word_1_15' title='bbox 1024 596 1126 678; x_wconf 69' lang='lat' dir='ltr'><strong>deero,</strong></span> 
     </span>
    </p>

    <p class='ocr_par' dir='ltr' id='par_1_4' title="bbox 220 696 1090 781">
     <span class='ocr_line' id='line_1_4' title="bbox 220 696 1090 781; baseline 0.001 -19"><span class='ocrx_word' id='word_1_16' title='bbox 220 700 305 763; x_wconf 83' lang='lat' dir='ltr'><strong>Cum</strong></span> <span class='ocrx_word' id='word_1_17' title='bbox 320 719 370 762; x_wconf 85' lang='lat' dir='ltr'><strong>res</strong></span> <span class='ocrx_word' id='word_1_18' title='bbox 385 699 455 781; x_wconf 88' lang='lat' dir='ltr'><strong>ipsa</strong></span> <span class='ocrx_word' id='word_1_19' title='bbox 468 696 555 761; x_wconf 82' lang='lat' dir='ltr'><strong>feret.</strong></span> <span class='ocrx_word' id='word_1_20' title='bbox 600 696 671 762; x_wconf 90' lang='lat' dir='ltr'><strong>Nisi</strong></span> <span class='ocrx_word' id='word_1_21' title='bbox 684 696 798 760; x_wconf 87' lang='lat' dir='ltr'><strong>dextro</strong></span> <span class='ocrx_word' id='word_1_22' title='bbox 813 707 961 779; x_wconf 87' lang='lat' dir='ltr'><strong>tempore,</strong></span> <span class='ocrx_word' id='word_1_23' title='bbox 977 698 1090 762; x_wconf 83' lang='lat' dir='ltr'><strong>Flacci</strong></span> 
     </span>
    </p>

    <p class='ocr_par' dir='ltr' id='par_1_5' title="bbox 221 797 1050 880">
     <span class='ocr_line' id='line_1_5' title="bbox 221 797 1050 880; baseline -0.002 -19"><span class='ocrx_word' id='word_1_24' title='bbox 221 799 323 862; x_wconf 80' lang='lat' dir='ltr'><strong>Verba</strong></span> <span class='ocrx_word' id='word_1_25' title='bbox 337 818 393 880; x_wconf 88' lang='lat' dir='ltr'><strong>per</strong></span> <span class='ocrx_word' id='word_1_26' title='bbox 407 807 564 860; x_wconf 84' lang='lat' dir='ltr'><strong>attentam</strong></span> <span class='ocrx_word' id='word_1_27' title='bbox 578 816 644 860; x_wconf 88' lang='lat' dir='ltr'><strong>non</strong></span> <span class='ocrx_word' id='word_1_28' title='bbox 658 797 753 860; x_wconf 90' lang='lat' dir='ltr'><strong>ibunt</strong></span> <span class='ocrx_word' id='word_1_29' title='bbox 767 797 915 861; x_wconf 82' lang='lat' dir='ltr'><strong>Caesaris</strong></span> <span class='ocrx_word' id='word_1_30' title='bbox 929 816 1050 877; x_wconf 87' lang='lat' dir='ltr'><strong>aurem,</strong></span> 
     </span>
    </p>

    <p class='ocr_par' dir='ltr' id='par_1_6' title="bbox 218 895 1407 1373">
     <span class='ocr_line' id='line_1_6' title="bbox 219 895 1238 979; baseline 0.003 -18"><span class='ocrx_word' id='word_1_31' title='bbox 219 897 282 961; x_wconf 85' lang='lat' dir='ltr'><strong>Cui</strong></span> <span class='ocrx_word' id='word_1_32' title='bbox 298 897 383 961; x_wconf 91' lang='lat' dir='ltr'><strong>male</strong></span> <span class='ocrx_word' id='word_1_33' title='bbox 398 898 426 960; x_wconf 89' lang='lat' dir='ltr'><strong>si</strong></span> <span class='ocrx_word' id='word_1_34' title='bbox 440 896 576 979; x_wconf 77' lang='lat' dir='ltr'><strong>palpare,</strong></span> <span class='ocrx_word' id='word_1_35' title='bbox 591 896 770 959; x_wconf 88' lang='lat' dir='ltr'><strong>recalcitrat</strong></span> <span class='ocrx_word' id='word_1_36' title='bbox 784 895 929 977; x_wconf 88' lang='lat' dir='ltr'><strong>undique</strong></span> <span class='ocrx_word' id='word_1_37' title='bbox 944 905 1087 960; x_wconf 90' lang='lat' dir='ltr'><strong>tutus.-</strong></span> <span class='ocrx_word' id='word_1_38' title='bbox 1192 899 1238 964; x_wconf 79' lang='grc'><strong>20</strong></span> 
     </span>
     <span class='ocr_line' id='line_1_7' title="bbox 218 993 1031 1077; baseline -0.002 -16"><span class='ocrx_word' id='word_1_39' title='bbox 218 999 355 1068; x_wconf 76' lang='lat' dir='ltr'><strong>Quanto</strong></span> <span class='ocrx_word' id='word_1_40' title='bbox 369 997 486 1061; x_wconf 87' lang='lat' dir='ltr'><strong>rectius</strong></span> <span class='ocrx_word' id='word_1_41' title='bbox 499 996 570 1076; x_wconf 84' lang='lat' dir='ltr'><strong>hoc,</strong></span> <span class='ocrx_word' id='word_1_42' title='bbox 585 1013 687 1077; x_wconf 88' lang='lat' dir='ltr'><strong>quam</strong></span> <span class='ocrx_word' id='word_1_43' title='bbox 700 995 783 1058; x_wconf 86' lang='lat' dir='ltr'><strong>tristi</strong></span> <span class='ocrx_word' id='word_1_44' title='bbox 796 993 921 1058; x_wconf 79' lang='lat' dir='ltr'><strong>laedam</strong></span> <span class='ocrx_word' id='word_1_45' title='bbox 935 1013 1031 1059; x_wconf 81' lang='lat' dir='ltr'><strong>versu</strong></span> 
     </span>
     <span class='ocr_line' id='line_1_8' title="bbox 218 1092 1407 1191; baseline -0.003 -31"><span class='ocrx_word' id='word_1_46' title='bbox 218 1096 436 1160; x_wconf 83' lang='lat' dir='ltr'><strong>Pantolabum</strong></span> <span class='ocrx_word' id='word_1_47' title='bbox 449 1113 594 1157; x_wconf 85' lang='lat' dir='ltr'><strong>scurram</strong></span> <span class='ocrx_word' id='word_1_48' title='bbox 608 1092 914 1176; x_wconf 84' lang='lat' dir='ltr'><strong>Nomentanumque</strong></span> <span class='ocrx_word' id='word_1_49' title='bbox 928 1103 1084 1176; x_wconf 79' lang='lat' dir='ltr'><strong>nepotem,</strong></span> <span class='ocrx_word' id='word_1_50' title='bbox 1405 1138 1407 1191; x_wconf 69' lang='grc' dir='ltr'>Ι</span> 
     </span>
     <span class='ocr_line' id='line_1_9' title="bbox 219 1194 1235 1278; baseline 0.002 -20"><span class='ocrx_word' id='word_1_51' title='bbox 219 1196 305 1259; x_wconf 86' lang='lat' dir='ltr'><strong>Cum</strong></span> <span class='ocrx_word' id='word_1_52' title='bbox 320 1196 381 1258; x_wconf 87' lang='lat' dir='ltr'><strong>sibi</strong></span> <span class='ocrx_word' id='word_1_53' title='bbox 395 1195 533 1278; x_wconf 89' lang='lat' dir='ltr'><strong>quisque</strong></span> <span class='ocrx_word' id='word_1_54' title='bbox 544 1194 642 1272; x_wconf 87' lang='lat' dir='ltr'><strong>timet,</strong></span> <span class='ocrx_word' id='word_1_55' title='bbox 652 1211 843 1276; x_wconf 88' lang='lat' dir='ltr'><strong>quanquam</strong></span> <span class='ocrx_word' id='word_1_56' title='bbox 851 1204 900 1256; x_wconf 88' lang='lat' dir='ltr'><strong>cst</strong></span> <span class='ocrx_word' id='word_1_57' title='bbox 914 1195 1062 1276; x_wconf 84' lang='lat' dir='ltr'><strong>intactus,</strong></span> <span class='ocrx_word' id='word_1_58' title='bbox 1074 1204 1107 1259; x_wconf 86' lang='lat' dir='ltr'><strong>et</strong></span> <span class='ocrx_word' id='word_1_59' title='bbox 1115 1195 1192 1260; x_wconf 81' lang='lat' dir='ltr'><strong>odit</strong></span> <span class='ocrx_word' id='word_1_60' title='bbox 1199 1234 1235 1248; x_wconf 89' lang='lat'><strong>··-</strong></span> 
     </span>
     <span class='ocr_line' id='line_1_10' title="bbox 218 1291 1039 1373; baseline 0.004 -17"><span class='ocrx_word' id='word_1_61' title='bbox 218 1293 312 1364; x_wconf 81' lang='lat' dir='ltr'><strong>Quid</strong></span> <span class='ocrx_word' id='word_1_62' title='bbox 327 1293 469 1357; x_wconf 68' lang='lat' dir='ltr'><strong>faciam?</strong></span> <span class='ocrx_word' id='word_1_63' title='bbox 511 1291 617 1358; x_wconf 77' lang='lat' dir='ltr'><strong>saltat</strong></span> <span class='ocrx_word' id='word_1_64' title='bbox 631 1292 795 1373; x_wconf 82' lang='lat' dir='ltr'><strong>Milonius,</strong></span> <span class='ocrx_word' id='word_1_65' title='bbox 811 1302 848 1358; x_wconf 90' lang='lat' dir='ltr'><strong>ut</strong></span> <span class='ocrx_word' id='word_1_66' title='bbox 862 1294 962 1358; x_wconf 88' lang='lat' dir='ltr'><strong>semel</strong></span> <span class='ocrx_word' id='word_1_67' title='bbox 976 1295 1039 1359; x_wconf 90' lang='lat' dir='ltr'><strong>icto</strong></span> 
     </span>
    </p>

    <p class='ocr_par' dir='ltr' id='par_1_7' title="bbox 218 1392 1233 1578">
     <span class='ocr_line' id='line_1_11' title="bbox 218 1392 1233 1476; baseline 0.003 -18"><span class='ocrx_word' id='word_1_68' title='bbox 218 1394 363 1458; x_wconf 89' lang='lat' dir='ltr'><strong>Accessit</strong></span> <span class='ocrx_word' id='word_1_69' title='bbox 376 1393 481 1458; x_wconf 85' lang='lat' dir='ltr'><strong>fervor</strong></span> <span class='ocrx_word' id='word_1_70' title='bbox 493 1393 592 1476; x_wconf 83' lang='lat' dir='ltr'><strong>capiti</strong></span> <span class='ocrx_word' id='word_1_71' title='bbox 605 1411 827 1475; x_wconf 89' lang='lat' dir='ltr'><strong>numerusque</strong></span> <span class='ocrx_word' id='word_1_72' title='bbox 841 1392 999 1475; x_wconf 87' lang='lat' dir='ltr'><strong>lucernis;</strong></span> <span class='ocrx_word' id='word_1_73' title='bbox 1192 1396 1233 1461; x_wconf 77' lang='lat'><strong>25</strong></span> 
     </span>
     <span class='ocr_line' id='line_1_12' title="bbox 219 1492 994 1578; baseline -0.003 -20"><span class='ocrx_word' id='word_1_74' title='bbox 219 1496 333 1558; x_wconf 84' lang='lat' dir='ltr'><strong>Castor</strong></span> <span class='ocrx_word' id='word_1_75' title='bbox 347 1493 467 1578; x_wconf 84' lang='lat' dir='ltr'><strong>gaudet</strong></span> <span class='ocrx_word' id='word_1_76' title='bbox 480 1494 591 1577; x_wconf 81' lang='lat' dir='ltr'><strong>equis3</strong></span> <span class='ocrx_word' id='word_1_77' title='bbox 613 1512 676 1557; x_wconf 83' lang='lat' dir='ltr'><strong>ovo</strong></span> <span class='ocrx_word' id='word_1_78' title='bbox 689 1502 866 1578; x_wconf 81' lang='lat' dir='ltr'><strong>pmgnatus</strong></span> <span class='ocrx_word' id='word_1_79' title='bbox 880 1492 994 1557; x_wconf 86' lang='lat' dir='ltr'><strong>eodem</strong></span> 
     </span>
    </p>

    <p class='ocr_par' dir='ltr' id='par_1_8' title="bbox 218 1591 1103 1677">
     <span class='ocr_line' id='line_1_13' title="bbox 218 1591 1103 1677; baseline 0 -19"><span class='ocrx_word' id='word_1_80' title='bbox 218 1594 360 1677; x_wconf 83' lang='lat' dir='ltr'><strong>Pugnis:</strong></span> <span class='ocrx_word' id='word_1_81' title='bbox 383 1603 463 1676; x_wconf 89' lang='lat' dir='ltr'><strong>quot</strong></span> <span class='ocrx_word' id='word_1_82' title='bbox 475 1593 622 1676; x_wconf 87' lang='lat' dir='ltr'><strong>capitum</strong></span> <span class='ocrx_word' id='word_1_83' title='bbox 635 1592 760 1672; x_wconf 78' lang='lat' dir='ltr'><strong>vivunt,</strong></span> <span class='ocrx_word' id='word_1_84' title='bbox 776 1591 909 1656; x_wconf 87' lang='lat' dir='ltr'><strong>totidem</strong></span> <span class='ocrx_word' id='word_1_85' title='bbox 923 1592 1103 1658; x_wconf 89' lang='lat' dir='ltr'><strong>studiorum</strong></span> 
     </span>
    </p>

    <p class='ocr_par' dir='ltr' id='par_1_9' title="bbox 218 1690 1008 1775">
     <span class='ocr_line' id='line_1_14' title="bbox 218 1690 1008 1775; baseline -0.001 -18"><span class='ocrx_word' id='word_1_86' title='bbox 218 1693 331 1757; x_wconf 89' lang='lat' dir='ltr'><strong>Millia.</strong></span> <span class='ocrx_word' id='word_1_87' title='bbox 375 1693 430 1756; x_wconf 86' lang='lat' dir='ltr'><strong>Me</strong></span> <span class='ocrx_word' id='word_1_88' title='bbox 444 1691 580 1775; x_wconf 87' lang='lat' dir='ltr'><strong>pedibus</strong></span> <span class='ocrx_word' id='word_1_89' title='bbox 594 1691 732 1755; x_wconf 88' lang='lat' dir='ltr'><strong>delectat</strong></span> <span class='ocrx_word' id='word_1_90' title='bbox 746 1690 896 1756; x_wconf 87' lang='lat' dir='ltr'><strong>claudere</strong></span> <span class='ocrx_word' id='word_1_91' title='bbox 910 1693 1008 1756; x_wconf 86' lang='lat' dir='ltr'><strong>verba</strong></span> 
     </span>
    </p>

    <p class='ocr_par' dir='ltr' id='par_1_10' title="bbox 218 1791 884 1874">
     <span class='ocr_line' id='line_1_15' title="bbox 218 1791 884 1874; baseline -0.005 -18"><span class='ocrx_word' id='word_1_92' title='bbox 218 1792 326 1856; x_wconf 76' lang='lat' dir='ltr'><strong>Lucili</strong></span> <span class='ocrx_word' id='word_1_93' title='bbox 339 1792 410 1872; x_wconf 88' lang='lat' dir='ltr'><strong>ritu,</strong></span> <span class='ocrx_word' id='word_1_94' title='bbox 425 1802 572 1856; x_wconf 87' lang='lat' dir='ltr'><strong>nostmm</strong></span> <span class='ocrx_word' id='word_1_95' title='bbox 585 1791 725 1855; x_wconf 87' lang='lat' dir='ltr'><strong>melioris</strong></span> <span class='ocrx_word' id='word_1_96' title='bbox 740 1802 884 1874; x_wconf 88' lang='lat' dir='ltr'><strong>utroque.</strong></span> 
     </span>
    </p>

    <p class='ocr_par' dir='ltr' id='par_1_11' title="bbox 218 1889 1236 2172">
     <span class='ocr_line' id='line_1_16' title="bbox 219 1889 1236 1957; baseline 0 -2"><span class='ocrx_word' id='word_1_97' title='bbox 219 1892 278 1955; x_wconf 87' lang='lat' dir='ltr'><strong>Ille</strong></span> <span class='ocrx_word' id='word_1_98' title='bbox 292 1891 382 1954; x_wconf 84' lang='lat' dir='ltr'><strong>velut</strong></span> <span class='ocrx_word' id='word_1_99' title='bbox 397 1889 471 1954; x_wconf 86' lang='lat' dir='ltr'><strong>fidis</strong></span> <span class='ocrx_word' id='word_1_100' title='bbox 485 1910 604 1954; x_wconf 86' lang='lat' dir='ltr'><strong>arcana</strong></span> <span class='ocrx_word' id='word_1_101' title='bbox 618 1889 783 1957; x_wconf 82' lang='lat' dir='ltr'><strong>sodalibus</strong></span> <span class='ocrx_word' id='word_1_102' title='bbox 796 1890 875 1953; x_wconf 88' lang='lat' dir='ltr'><strong>olim</strong></span> <span class='ocrx_word' id='word_1_103' title='bbox 1193 1892 1236 1955; x_wconf 88' lang='grc'><strong>30</strong></span> 
     </span>
     <span class='ocr_line' id='line_1_17' title="bbox 218 1989 1087 2072; baseline -0.002 -18"><span class='ocrx_word' id='word_1_104' title='bbox 218 1989 377 2054; x_wconf 82' lang='lat' dir='ltr'><strong>Credebat</strong></span> <span class='ocrx_word' id='word_1_105' title='bbox 391 1990 487 2071; x_wconf 86' lang='lat' dir='ltr'><strong>libris,</strong></span> <span class='ocrx_word' id='word_1_106' title='bbox 503 2009 618 2072; x_wconf 86' lang='lat' dir='ltr'><strong>neque,</strong></span> <span class='ocrx_word' id='word_1_107' title='bbox 634 1991 662 2054; x_wconf 92' lang='lat' dir='ltr'><strong>si</strong></span> <span class='ocrx_word' id='word_1_108' title='bbox 676 1989 763 2054; x_wconf 83' lang='lat' dir='ltr'><strong>male</strong></span> <span class='ocrx_word' id='word_1_109' title='bbox 777 1999 924 2070; x_wconf 84' lang='lat' dir='ltr'><strong>cesserat,</strong></span> <span class='ocrx_word' id='word_1_110' title='bbox 939 2008 1087 2072; x_wconf 87' lang='lat' dir='ltr'><strong>unquam</strong></span> 
     </span>
     <span class='ocr_line' id='line_1_18' title="bbox 219 2088 1084 2172; baseline 0.001 -20"><span class='ocrx_word' id='word_1_111' title='bbox 219 2090 401 2153; x_wconf 87' lang='lat' dir='ltr'><strong>Decurrens</strong></span> <span class='ocrx_word' id='word_1_112' title='bbox 416 2090 488 2170; x_wconf 85' lang='lat' dir='ltr'><strong>alio,</strong></span> <span class='ocrx_word' id='word_1_113' title='bbox 503 2109 608 2172; x_wconf 88' lang='lat' dir='ltr'><strong>neque</strong></span> <span class='ocrx_word' id='word_1_114' title='bbox 624 2090 651 2153; x_wconf 91' lang='lat' dir='ltr'><strong>si</strong></span> <span class='ocrx_word' id='word_1_115' title='bbox 665 2089 765 2153; x_wconf 85' lang='lat' dir='ltr'><strong>bene:</strong></span> <span class='ocrx_word' id='word_1_116' title='bbox 787 2108 853 2171; x_wconf 91' lang='lat' dir='ltr'><strong>quo</strong></span> <span class='ocrx_word' id='word_1_117' title='bbox 867 2088 913 2169; x_wconf 86' lang='lat' dir='ltr'><strong>fit,</strong></span> <span class='ocrx_word' id='word_1_118' title='bbox 928 2100 965 2153; x_wconf 91' lang='lat' dir='ltr'><strong>ut</strong></span> <span class='ocrx_word' id='word_1_119' title='bbox 979 2089 1084 2153; x_wconf 85' lang='lat' dir='ltr'><strong>omnis</strong></span> 
     </span>
    </p>

    <p class='ocr_par' dir='ltr' id='par_1_12' title="bbox 218 2188 878 2273">
     <span class='ocr_line' id='line_1_19' title="bbox 218 2188 878 2273; baseline -0.002 -20"><span class='ocrx_word' id='word_1_120' title='bbox 218 2190 334 2254; x_wconf 83' lang='lat' dir='ltr'><strong>Votiva</strong></span> <span class='ocrx_word' id='word_1_121' title='bbox 347 2200 456 2273; x_wconf 84' lang='lat' dir='ltr'><strong>pateat</strong></span> <span class='ocrx_word' id='word_1_122' title='bbox 470 2190 572 2253; x_wconf 86' lang='lat' dir='ltr'><strong>veluti</strong></span> <span class='ocrx_word' id='word_1_123' title='bbox 586 2188 744 2272; x_wconf 87' lang='lat' dir='ltr'><strong>descripta</strong></span> <span class='ocrx_word' id='word_1_124' title='bbox 759 2189 878 2253; x_wconf 87' lang='lat' dir='ltr'><strong>tabella</strong></span> 
     </span>
    </p>

    <p class='ocr_par' dir='ltr' id='par_1_13' title="bbox 216 2288 1237 2571">
     <span class='ocr_line' id='line_1_20' title="bbox 216 2288 1237 2376; baseline 0.001 -23"><span class='ocrx_word' id='word_1_125' title='bbox 216 2289 291 2353; x_wconf 81' lang='lat' dir='ltr'><strong>Vita</strong></span> <span class='ocrx_word' id='word_1_126' title='bbox 305 2288 400 2352; x_wconf 88' lang='lat' dir='ltr'><strong>senis.</strong></span> <span class='ocrx_word' id='word_1_127' title='bbox 444 2289 568 2371; x_wconf 86' lang='lat' dir='ltr'><strong>Sequor</strong></span> <span class='ocrx_word' id='word_1_128' title='bbox 580 2289 679 2369; x_wconf 90' lang='lat' dir='ltr'><strong>hunc,</strong></span> <span class='ocrx_word' id='word_1_129' title='bbox 688 2289 845 2352; x_wconf 90' lang='lat' dir='ltr'><strong>Lucanus</strong></span> <span class='ocrx_word' id='word_1_130' title='bbox 856 2308 900 2352; x_wconf 89' lang='lat' dir='ltr'><strong>an</strong></span> <span class='ocrx_word' id='word_1_131' title='bbox 910 2288 1046 2371; x_wconf 82' lang='lat' dir='ltr'><strong>Apulus,</strong></span> <span class='ocrx_word' id='word_1_132' title='bbox 1056 2308 1237 2376; x_wconf 87' lang='lat' dir='ltr'><strong>anceps:-</strong></span> 
     </span>
     <span class='ocr_line' id='line_1_21' title="bbox 216 2387 1234 2471; baseline 0.003 -20"><span class='ocrx_word' id='word_1_133' title='bbox 216 2387 304 2451; x_wconf 87' lang='lat' dir='ltr'><strong>Nam</strong></span> <span class='ocrx_word' id='word_1_134' title='bbox 319 2388 506 2452; x_wconf 82' lang='lat' dir='ltr'><strong>Venusinus</strong></span> <span class='ocrx_word' id='word_1_135' title='bbox 520 2400 591 2451; x_wconf 86' lang='lat' dir='ltr'><strong>arat</strong></span> <span class='ocrx_word' id='word_1_136' title='bbox 604 2387 705 2452; x_wconf 89' lang='lat' dir='ltr'><strong>finem</strong></span> <span class='ocrx_word' id='word_1_137' title='bbox 720 2388 782 2452; x_wconf 89' lang='lat' dir='ltr'><strong>sub</strong></span> <span class='ocrx_word' id='word_1_138' title='bbox 796 2398 970 2471; x_wconf 89' lang='lat' dir='ltr'><strong>utmmque</strong></span> <span class='ocrx_word' id='word_1_139' title='bbox 984 2389 1126 2470; x_wconf 88' lang='lat' dir='ltr'><strong>colonus,</strong></span> <span class='ocrx_word' id='word_1_140' title='bbox 1191 2389 1234 2454; x_wconf 81' lang='lat'><strong>35</strong></span> 
     </span>
     <span class='ocr_line' id='line_1_22' title="bbox 217 2486 1092 2571; baseline 0.001 -20"><span class='ocrx_word' id='word_1_141' title='bbox 217 2487 338 2552; x_wconf 88' lang='lat' dir='ltr'><strong>Missus</strong></span> <span class='ocrx_word' id='word_1_142' title='bbox 353 2489 471 2553; x_wconf 86' lang='lat' dir='ltr'><strong>adhoc</strong></span> <span class='ocrx_word' id='word_1_143' title='bbox 485 2487 596 2571; x_wconf 86' lang='lat' dir='ltr'><strong>pulsis,</strong></span> <span class='ocrx_word' id='word_1_144' title='bbox 612 2498 705 2552; x_wconf 85' lang='lat' dir='ltr'><strong>vetus</strong></span> <span class='ocrx_word' id='word_1_145' title='bbox 720 2498 820 2552; x_wconf 88' lang='lat' dir='ltr'><strong>estut</strong></span> <span class='ocrx_word' id='word_1_146' title='bbox 834 2486 931 2569; x_wconf 86' lang='lat' dir='ltr'><strong>sama,</strong></span> <span class='ocrx_word' id='word_1_147' title='bbox 947 2488 1092 2568; x_wconf 87' lang='lat' dir='ltr'><strong>Sabellis,</strong></span> 
     </span>
    </p>

    <p class='ocr_par' dir='ltr' id='par_1_14' title="bbox 215 2587 1053 2671">
     <span class='ocr_line' id='line_1_23' title="bbox 215 2587 1053 2671; baseline 0.001 -20"><span class='ocrx_word' id='word_1_148' title='bbox 215 2589 295 2658; x_wconf 75' lang='lat' dir='ltr'><strong>Quo</strong></span> <span class='ocrx_word' id='word_1_149' title='bbox 309 2607 351 2651; x_wconf 88' lang='lat' dir='ltr'><strong>ne</strong></span> <span class='ocrx_word' id='word_1_150' title='bbox 365 2607 421 2671; x_wconf 89' lang='lat' dir='ltr'><strong>per</strong></span> <span class='ocrx_word' id='word_1_151' title='bbox 434 2607 578 2651; x_wconf 82' lang='lat' dir='ltr'><strong>vacuum</strong></span> <span class='ocrx_word' id='word_1_152' title='bbox 593 2587 742 2651; x_wconf 86' lang='lat' dir='ltr'><strong>Romano</strong></span> <span class='ocrx_word' id='word_1_153' title='bbox 756 2589 930 2652; x_wconf 83' lang='lat' dir='ltr'><strong>incurreret</strong></span> <span class='ocrx_word' id='word_1_154' title='bbox 943 2589 1053 2669; x_wconf 90' lang='lat' dir='ltr'><strong>hostis,</strong></span> 
     </span>
    </p>

    <p class='ocr_par' dir='ltr' id='par_1_15' title="bbox 215 2686 1235 3069">
     <span class='ocr_line' id='line_1_24' title="bbox 216 2686 1085 2770; baseline 0 -19"><span class='ocrx_word' id='word_1_155' title='bbox 216 2687 292 2751; x_wconf 87' lang='lat' dir='ltr'><strong>Sive</strong></span> <span class='ocrx_word' id='word_1_156' title='bbox 306 2686 393 2769; x_wconf 87' lang='lat' dir='ltr'><strong>quod</strong></span> <span class='ocrx_word' id='word_1_157' title='bbox 408 2686 517 2770; x_wconf 88' lang='lat' dir='ltr'><strong>Apula</strong></span> <span class='ocrx_word' id='word_1_158' title='bbox 531 2706 610 2770; x_wconf 86' lang='lat' dir='ltr'><strong>gens</strong></span> <span class='ocrx_word' id='word_1_159' title='bbox 626 2706 683 2750; x_wconf 89' lang='lat' dir='ltr'><strong>seu</strong></span> <span class='ocrx_word' id='word_1_160' title='bbox 699 2686 786 2768; x_wconf 90' lang='lat' dir='ltr'><strong>quod</strong></span> <span class='ocrx_word' id='word_1_161' title='bbox 801 2688 949 2751; x_wconf 86' lang='lat' dir='ltr'><strong>Lucania</strong></span> <span class='ocrx_word' id='word_1_162' title='bbox 962 2687 1085 2751; x_wconf 90' lang='lat' dir='ltr'><strong>bellum</strong></span> 
     </span>
     <span class='ocr_line' id='line_1_25' title="bbox 216 2786 1128 2871; baseline 0 -21"><span class='ocrx_word' id='word_1_163' title='bbox 216 2786 377 2851; x_wconf 86' lang='lat' dir='ltr'><strong>Incuteret</strong></span> <span class='ocrx_word' id='word_1_164' title='bbox 391 2788 542 2851; x_wconf 83' lang='lat' dir='ltr'><strong>violenta.</strong></span> <span class='ocrx_word' id='word_1_165' title='bbox 586 2786 651 2852; x_wconf 88' lang='lat' dir='ltr'><strong>Sed</strong></span> <span class='ocrx_word' id='word_1_166' title='bbox 664 2787 719 2850; x_wconf 92' lang='lat' dir='ltr'><strong>hic</strong></span> <span class='ocrx_word' id='word_1_167' title='bbox 734 2787 827 2850; x_wconf 88' lang='lat' dir='ltr'><strong>stilus</strong></span> <span class='ocrx_word' id='word_1_168' title='bbox 841 2786 931 2851; x_wconf 87' lang='lat' dir='ltr'><strong>baud</strong></span> <span class='ocrx_word' id='word_1_169' title='bbox 946 2796 1031 2871; x_wconf 87' lang='lat' dir='ltr'><strong>petet</strong></span> <span class='ocrx_word' id='word_1_170' title='bbox 1044 2786 1128 2850; x_wconf 89' lang='lat' dir='ltr'><strong>ultro</strong></span> 
     </span>
     <span class='ocr_line' id='line_1_26' title="bbox 215 2885 1235 2969; baseline 0.001 -20"><span class='ocrx_word' id='word_1_171' title='bbox 215 2887 428 2969; x_wconf 76' lang='lat' dir='ltr'><strong>Quemquam</strong></span> <span class='ocrx_word' id='word_1_172' title='bbox 443 2887 651 2966; x_wconf 86' lang='lat' dir='ltr'><strong>animantem,</strong></span> <span class='ocrx_word' id='word_1_173' title='bbox 666 2896 698 2949; x_wconf 87' lang='lat' dir='ltr'><strong>et</strong></span> <span class='ocrx_word' id='word_1_174' title='bbox 713 2906 766 2950; x_wconf 89' lang='lat' dir='ltr'><strong>me</strong></span> <span class='ocrx_word' id='word_1_175' title='bbox 780 2887 881 2950; x_wconf 86' lang='lat' dir='ltr'><strong>veluti</strong></span> <span class='ocrx_word' id='word_1_176' title='bbox 895 2886 1054 2951; x_wconf 84' lang='lat' dir='ltr'><strong>custodiet</strong></span> <span class='ocrx_word' id='word_1_177' title='bbox 1067 2887 1156 2950; x_wconf 85' lang='lat' dir='ltr'><strong>ensis</strong></span> <span class='ocrx_word' id='word_1_178' title='bbox 1190 2885 1235 2950; x_wconf 79' lang='lat'><strong>40</strong></span> 
     </span>
     <span class='ocr_line' id='line_1_27' title="bbox 216 2984 1001 3069; baseline 0.003 -22"><span class='ocrx_word' id='word_1_179' title='bbox 216 2984 342 3068; x_wconf 84' lang='lat' dir='ltr'><strong>Vagina</strong></span> <span class='ocrx_word' id='word_1_180' title='bbox 356 2995 480 3067; x_wconf 81' lang='lat' dir='ltr'><strong>tectus;</strong></span> <span class='ocrx_word' id='word_1_181' title='bbox 503 3005 602 3067; x_wconf 90' lang='lat' dir='ltr'><strong>quem</strong></span> <span class='ocrx_word' id='word_1_182' title='bbox 616 3005 675 3049; x_wconf 89' lang='lat' dir='ltr'><strong>cur</strong></span> <span class='ocrx_word' id='word_1_183' title='bbox 689 2984 883 3069; x_wconf 86' lang='lat' dir='ltr'><strong>destringere</strong></span> <span class='ocrx_word' id='word_1_184' title='bbox 898 3006 1001 3066; x_wconf 88' lang='lat' dir='ltr'><strong>coner,</strong></span> 
     </span>
    </p>

    <p class='ocr_par' dir='ltr' id='par_1_16' title="bbox 216 3085 1032 3168">
     <span class='ocr_line' id='line_1_28' title="bbox 216 3085 1032 3168; baseline -0.001 -19"><span class='ocrx_word' id='word_1_185' title='bbox 216 3086 327 3150; x_wconf 85' lang='lat' dir='ltr'><strong>Tutus</strong></span> <span class='ocrx_word' id='word_1_186' title='bbox 342 3087 385 3149; x_wconf 93' lang='lat' dir='ltr'><strong>ab</strong></span> <span class='ocrx_word' id='word_1_187' title='bbox 398 3085 521 3149; x_wconf 87' lang='lat' dir='ltr'><strong>infestis</strong></span> <span class='ocrx_word' id='word_1_188' title='bbox 536 3085 738 3149; x_wconf 69' lang='lat' dir='ltr'><strong>latronibus?</strong></span> <span class='ocrx_word' id='word_1_189' title='bbox 782 3086 811 3150; x_wconf 96' lang='grc' dir='ltr'>Ο</span> <span class='ocrx_word' id='word_1_190' title='bbox 827 3096 961 3168; x_wconf 88' lang='lat' dir='ltr'><strong>pateret</strong></span> <span class='ocrx_word' id='word_1_191' title='bbox 975 3105 1032 3149; x_wconf 85' lang='lat' dir='ltr'><strong>rex</strong></span> 
     </span>
    </p>

    <p class='ocr_par' dir='ltr' id='par_1_17' title="bbox 216 3185 965 3269">
     <span class='ocr_line' id='line_1_29' title="bbox 216 3185 965 3269; baseline 0 -20"><span class='ocrx_word' id='word_1_192' title='bbox 216 3185 237 3249; x_wconf 87' lang='lat' dir='ltr'>J</span> <span class='ocrx_word' id='word_1_193' title='bbox 238 3187 348 3268; x_wconf 74' lang='lat' dir='ltr'><strong>uniter,</strong></span> <span class='ocrx_word' id='word_1_194' title='bbox 364 3196 402 3248; x_wconf 93' lang='lat' dir='ltr'><strong>ut</strong></span> <span class='ocrx_word' id='word_1_195' title='bbox 415 3194 524 3268; x_wconf 87' lang='lat' dir='ltr'><strong>pereat</strong></span> <span class='ocrx_word' id='word_1_196' title='bbox 537 3185 679 3269; x_wconf 89' lang='lat' dir='ltr'><strong>positum</strong></span> <span class='ocrx_word' id='word_1_197' title='bbox 692 3186 840 3268; x_wconf 86' lang='lat' dir='ltr'><strong>rubigine</strong></span> <span class='ocrx_word' id='word_1_198' title='bbox 855 3186 965 3265; x_wconf 85' lang='lat' dir='ltr'><strong>telum,</strong></span> 
     </span>
    </p>

    <p class='ocr_par' dir='ltr' id='par_1_18' title="bbox 216 3283 1119 3368">
     <span class='ocr_line' id='line_1_30' title="bbox 216 3283 1119 3368; baseline -0.002 -20"><span class='ocrx_word' id='word_1_199' title='bbox 216 3285 285 3348; x_wconf 84' lang='lat' dir='ltr'><strong>Nec</strong></span> <span class='ocrx_word' id='word_1_200' title='bbox 300 3285 474 3367; x_wconf 89' lang='lat' dir='ltr'><strong>quisquam</strong></span> <span class='ocrx_word' id='word_1_201' title='bbox 489 3295 603 3348; x_wconf 87' lang='lat' dir='ltr'><strong>noceat</strong></span> <span class='ocrx_word' id='word_1_202' title='bbox 617 3283 736 3368; x_wconf 89' lang='lat' dir='ltr'><strong>cupido</strong></span> <span class='ocrx_word' id='word_1_203' title='bbox 750 3285 832 3348; x_wconf 91' lang='lat' dir='ltr'><strong>mihi</strong></span> <span class='ocrx_word' id='word_1_204' title='bbox 846 3285 954 3367; x_wconf 88' lang='lat' dir='ltr'><strong>pacisl</strong></span> <span class='ocrx_word' id='word_1_205' title='bbox 998 3284 1042 3346; x_wconf 88' lang='lat' dir='ltr'><strong>At</strong></span> <span class='ocrx_word' id='word_1_206' title='bbox 1057 3283 1119 3364; x_wconf 89' lang='lat' dir='ltr'><strong>ille,</strong></span> 
     </span>
    </p>
   </div>
   <div class='ocr_carea' id='block_1_3' title="bbox 216 3381 1234 3566">
    <p class='ocr_par' dir='ltr' id='par_1_19' title="bbox 216 3381 1234 3566">
     <span class='ocr_line' id='line_1_31' title="bbox 216 3381 1234 3467; baseline 0 -22"><span class='ocrx_word' id='word_1_207' title='bbox 216 3384 286 3453; x_wconf 75' lang='lat' dir='ltr'><strong>Qui</strong></span> <span class='ocrx_word' id='word_1_208' title='bbox 301 3403 353 3446; x_wconf 92' lang='lat' dir='ltr'><strong>me</strong></span> <span class='ocrx_word' id='word_1_209' title='bbox 367 3383 703 3463; x_wconf 68' lang='lat' dir='ltr'><strong>commorit—melius</strong></span> <span class='ocrx_word' id='word_1_210' title='bbox 719 3403 784 3448; x_wconf 90' lang='lat' dir='ltr'><strong>non</strong></span> <span class='ocrx_word' id='word_1_211' title='bbox 799 3396 938 3467; x_wconf 86' lang='lat' dir='ltr'><strong>tangere,</strong></span> <span class='ocrx_word' id='word_1_212' title='bbox 954 3383 1103 3447; x_wconf 88' lang='lat' dir='ltr'><strong>clamo-</strong></span> <span class='ocrx_word' id='word_1_213' title='bbox 1192 3381 1234 3445; x_wconf 75' lang='lat'><strong>45</strong></span> 
     </span>
     <span class='ocr_line' id='line_1_32' title="bbox 217 3481 898 3566; baseline -0.001 -19"><span class='ocrx_word' id='word_1_214' title='bbox 217 3481 324 3547; x_wconf 81' lang='lat' dir='ltr'><strong>Flebit</strong></span> <span class='ocrx_word' id='word_1_215' title='bbox 337 3492 369 3545; x_wconf 88' lang='lat' dir='ltr'><strong>et</strong></span> <span class='ocrx_word' id='word_1_216' title='bbox 383 3483 518 3566; x_wconf 88' lang='lat' dir='ltr'><strong>insignis</strong></span> <span class='ocrx_word' id='word_1_217' title='bbox 533 3494 599 3548; x_wconf 89' lang='lat' dir='ltr'><strong>tota</strong></span> <span class='ocrx_word' id='word_1_218' title='bbox 613 3485 796 3547; x_wconf 87' lang='lat' dir='ltr'><strong>cantabitur</strong></span> <span class='ocrx_word' id='word_1_219' title='bbox 811 3485 898 3547; x_wconf 90' lang='lat' dir='ltr'><strong>urbe.</strong></span> 
     </span>
    </p>
   </div>
   <div class='ocr_carea' id='block_1_4' title="bbox 331 3724 1120 3869">
    <p class='ocr_par' dir='ltr' id='par_1_20' title="bbox 331 3724 1120 3869">
     <span class='ocr_line' id='line_1_33' title="bbox 331 3724 1120 3793; baseline 0.004 -17"><span class='ocrx_word' id='word_1_220' title='bbox 331 3724 372 3776; x_wconf 76' lang='lat' dir='ltr'><strong>tto.</strong></span> <span class='ocrx_word' id='word_1_221' title='bbox 389 3725 531 3777; x_wconf 71' lang='lat' dir='ltr'><strong>recalcitret.</strong></span> <span class='ocrx_word' id='word_1_222' title='bbox 597 3729 638 3779; x_wconf 75' lang='lat'><strong>24.</strong></span> <span class='ocrx_word' id='word_1_223' title='bbox 655 3729 773 3780; x_wconf 82' lang='lat' dir='ltr'><strong>utrimul.</strong></span> <span class='ocrx_word' id='word_1_224' title='bbox 838 3730 879 3781; x_wconf 82' lang='lat' dir='ltr'><strong>at.</strong></span> <span class='ocrx_word' id='word_1_225' title='bbox 896 3728 1120 3793; x_wconf 71' lang='lat' dir='ltr'><strong>simalegenent</strong></span> 
     </span>
     <span class='ocr_line' id='line_1_34' title="bbox 526 3806 927 3869; baseline 0 -12"><span class='ocrx_word' id='word_1_226' title='bbox 526 3806 568 3857; x_wconf 72' lang='grc'><strong>89.</strong></span> <span class='ocrx_word' id='word_1_227' title='bbox 585 3811 653 3869; x_wconf 82' lang='lat' dir='ltr'><strong>petit.</strong></span> <span class='ocrx_word' id='word_1_228' title='bbox 718 3812 759 3860; x_wconf 76' lang='lat'><strong>45.</strong></span> <span class='ocrx_word' id='word_1_229' title='bbox 776 3809 927 3860; x_wconf 72' lang='lat' dir='ltr'><strong>commandit.</strong></span> 
     </span>
    </p>
   </div>
   <div class='ocr_carea' id='block_1_5' title="bbox 0 0 1426 4342">
    <p class='ocr_par' dir='ltr' id='par_1_21' title="bbox 0 0 1426 4342">
     <span class='ocr_line' id='line_1_35' title="bbox 0 0 1426 4342; baseline 0 1"><span class='ocrx_word' id='word_1_230' title='bbox 0 0 1426 4342; x_wconf 95' lang='lat' dir='ltr'><strong> </strong></span> 
     </span>
    </p>
   </div>
  </div>
 </body>
</html>
