2842 4342
492 365 603 417 amm
625 365 665 416 m
714 366 743 419 s.
767 368 821 419 m
1088 348 1159 430 21¹1

141 525 526 614 Ungeresicaulesoleo
539 525 669 590 meliore
682 536 846 609 caputque
1100 531 1160 595 125

139 631 293 714 Coeperis
307 631 441 712 impexa
454 627 585 691 foedum
599 627 781 710 porrigines
822 628 945 709 Quare,

139 734 175 797 Si
189 730 325 814 quidvis
339 730 419 792 satis
432 738 489 807 est,
505 729 655 811 perjuras,
671 727 812 808 surripis,
827 726 935 790 aufers

141 829 320 912 Undique?
363 828 452 892 Tun’
466 827 591 890 sanus?
633 825 798 908 Populum
811 826 838 888 si
853 825 985 890 caedere
998 829 1088 892 saxis

141 931 285 1012 Incipias
298 945 473 1009 servosque
487 939 570 1007 tuos,
584 945 666 1008 quos
681 945 754 989 aere
768 928 898 1008 pararis,

141 1029 303 1093 lasanum
317 1037 349 1090 te
363 1046 476 1091 omnes
489 1027 580 1109 pueri
594 1026 801 1107 clamentque
815 1026 961 1108 puellae:
1099 1028 1159 1092 130

141 1130 228 1191 Gom
243 1128 364 1209 laqueo
377 1144 514 1190 uxorem
526 1124 683 1188 interimis
697 1134 898 1206 matremque
913 1144 1047 1206 veneno,

141 1226 305 1291 Incolumi
318 1225 423 1307 capite
437 1224 497 1288 es‘.l
539 1222 632 1295 Quid
647 1223 758 1287 enimi
801 1223 916 1306 Neque
938 1234 974 1289 tu
996 1225 1057 1289 hoc
1079 1225 1160 1289 facis
1251 1293 1254 1298 ,

142 1425 212 1488 Nec
227 1422 310 1487 ferro
324 1434 362 1486 ut
375 1422 508 1487 demens
515 1421 710 1504 -genihicem
724 1421 844 1486 occidis
859 1422 998 1487 Orestes.

141 1524 196 1586 An
211 1534 248 1587 tu
264 1523 341 1586 reris
355 1540 433 1586 eum
446 1522 553 1585 occisa
566 1521 727 1585 insanisse
741 1532 880 1603 parente,

141 1623 190 1685 Ac
205 1641 272 1686 non
286 1633 363 1686 ante
376 1620 473 1687 maha
487 1620 670 1685 dementem
684 1631 796 1685 actum
811 1622 927 1702 Furiis,
942 1641 1044 1706 quam
1096 1622 1158 1687 135

142 1721 182 1785 ln
197 1721 310 1785 matris
319 1720 436 1804 jugulo
449 1720 570 1785 ferrum
584 1720 732 1803 tepefecit
745 1720 906 1784 acutum?

141 1820 246 1899 Quin,
260 1840 302 1884 ex
317 1839 382 1903 quo
396 1830 445 1883 est
458 1820 589 1884 habitus
603 1819 689 1882 male
704 1828 793 1883 tutae
808 1819 925 1883 mentis
940 1819 1077 1900 Orestes,

141 1918 198 1983 Nil
213 1937 292 1983 saue
305 1918 388 2001 iecit,
404 1918 491 2002 quod
505 1928 542 1983 tu
555 1918 785 2003 reprehendere
799 1918 920 2001 possis:

140 2016 218 2082 Non
232 2017 380 2101 Pyladen
394 2018 476 2083 ferro
489 2018 610 2082 violare
623 2007 767 2082 aususve
782 2035 921 2081 sororem
930 2028 979 2081 eat

141 2116 326 2180 Electram:
348 2126 476 2181 tantum
490 2117 654 2181 maledicit
667 2117 795 2199 utrique
810 2115 957 2181 vocando
1094 2117 1157 2183 140

141 2216 237 2280 Hanc
252 2217 396 2297 Furiam,
411 2217 501 2281 hunc
514 2215 613 2296 allud.
624 2217 722 2301 jussit
735 2215 822 2301 quod
837 2216 1006 2299 splendida
1019 2217 1102 2283 bilis.

140 2314 270 2397 Pauper
283 2314 433 2398 Opimius
448 2316 571 2398 argenti
585 2316 679 2398 positi
694 2317 782 2381 intus
795 2326 828 2380 et
842 2317 921 2398 auri,

139 2415 211 2483 Qui
225 2414 442 2479 Veientanum
456 2414 547 2479 festis
560 2426 668 2498 potare
682 2415 796 2483 diebus

139 2514 312 2595 Campana
325 2514 438 2578 salinas
452 2515 557 2595 trulla,
572 2532 777 2597 vappamque
790 2515 944 2598 profestis,

138 2612 320 2682 Quondam
334 2612 478 2697 lethargo
491 2613 664 2697 grandiest
674 2633 853 2699 oppressus,
870 2626 907 2678 ut
921 2615 1013 2678 heres
1094 2615 1154 2681 145

137 2711 214 2774 Jam
228 2712 350 2775 circum
365 2712 486 2776 loculos
500 2722 534 2776 et
546 2712 655 2776 claves
670 2713 773 2777 laetus
787 2733 955 2795 ovansque

138 2811 296 2873 Curreret.
338 2810 437 2875 Hunc
452 2810 599 2875 medicus
612 2812 755 2876 multum
768 2812 852 2876 celer
866 2823 962 2895 atque
977 2813 1082 2878 fidelis

138 2909 273 2973 Excitat
285 2910 347 2973 hoc
361 2921 473 2992 pacto:
495 2926 643 2975 mensam
656 2913 733 2996 poni
741 2913 833 2996 jubet
847 2923 944 2994 atque

137 3007 275 3072 Effundi
289 3028 401 3073 saccos
414 3028 631 3091 nummorum,
646 3012 797 3075 accedere
811 3012 918 3095 plures

136 3107 188 3171 sd
203 3107 445 3173 numerandum
451 3131 459 3191 ;
475 3110 641 3176 hominem
651 3111 698 3176 sic
709 3112 815 3195 erigit;
832 3112 923 3177 addit
933 3124 965 3177 et
975 3113 1072 3178 illud:
1090 3115 1152 3179 150

137 3206 179 3271 Ni
192 3218 252 3271 tua
266 3207 418 3290 custodis,
432 3209 550 3274 avidus
558 3212 629 3295 jam
642 3211 725 3275 haec
739 3212 862 3276 auferet
876 3212 1019 3276 heres.-

138 3304 515 3373 llen’rivol-Utvivas
525 3310 750 3394 igitru,vigila:
763 3311 824 3374 hoc
832 3311 1038 3393 age-Quid
1046 3313 1150 3380 visi-

140 3404 298 3470 Deficient
310 3407 440 3490 inopem
454 3428 558 3473 venae
573 3420 614 3491 te,
628 3410 770 3475 uicibus
784 3422 883 3493 atque

139 3502 253 3587 lugens
267 3506 395 3570 accedit
407 3510 574 3573 stomacho
588 3508 710 3574 fultura
724 3510 837 3574 ruenti.

280 3751 339 3803 127.
355 3754 457 3816 pimus.
532 3756 585 3806 129.
602 3772 724 3815 serrone,
734 3768 775 3808 tao
785 3774 885 3821 qoos-‚
895 3758 926 3809 da
936 3762 1001 3827 ml.

430 3833 484 3887 182.
502 3837 611 3896 Quidnil
628 3840 782 3899 nequeenim
795 3850 859 3890 tu-.

622 3934 661 4014 10
