2842 4342
691 355 838 406 EPODON

624 657 805 721 CARMEN
833 657 908 718 VH.

492 874 546 916 An
579 872 774 916 POPULUM
807 872 1033 917 Romnum.

404 1069 492 1148 Quo,
507 1074 573 1149 quo
587 1044 843 1128 scelestsruitisi
857 1066 923 1128 ‘eut
936 1072 995 1127 cur
1008 1062 1146 1128 dexteru

445 1168 608 1248 Aptantur
622 1183 716 1226 enses
730 1163 876 1226 eonditi‘.²

403 1266 566 1328 Parumne
580 1264 704 1345 campis
718 1272 816 1346 atque
830 1262 983 1344 Neptuno
997 1281 1092 1345 super

445 1365 575 1427 Fusum
589 1372 638 1425 est
651 1361 762 1426 Latini
776 1360 970 1444 sanguinis?

403 1464 487 1542 Non,
503 1472 540 1525 ut
553 1461 708 1544 superbas
724 1458 855 1523 invidae
870 1459 1077 1542 Carthaginis
1253 1460 1274 1524 5

446 1562 615 1626 Romanus
629 1579 719 1622 arces
734 1569 847 1639 ureret,

403 1662 550 1726 intactus
564 1668 622 1723 aut
636 1659 813 1722 Britannus
828 1668 865 1721 ut
879 1656 1086 1721 descenderet

446 1762 548 1826 Sacra
561 1768 731 1822 catenatus
747 1757 816 1838 Vis,

403 1859 469 1925 Sed
483 1870 528 1940 ut,
544 1857 727 1941 seeundum
740 1866 817 1920 vota
832 1855 1032 1935 Parthomm,
1047 1874 1109 1919 sue

446 1959 531 2023 Urbs
546 1958 626 2040 haee
641 1956 755 2040 periret
769 1955 910 2018 dextera.
1235 1953 1276 2017 10

404 2057 519 2139 Neque
533 2057 587 2120 hie
602 2055 688 2138 lupis
702 2044 774 2118 mos
788 2073 849 2118 nee
863 2053 924 2117 suit
937 2053 1083 2118 leonibus

449 2154 615 2237 Unquam,
632 2154 696 2218 nisi
710 2154 744 2217 in
759 2153 875 2236 disper,
892 2150 974 2216 feris

405 2255 550 2317 Furome
563 2272 690 2332 caecus,
705 2271 750 2317 en
764 2253 848 2336 repit
861 2251 911 2315 vis
925 2251 1049 2316 acriori

448 2353 501 2417 An
515 2352 636 2435 eulpa?
680 2353 886 2435 Responsum
900 2351 983 2416 dete.

406 2451 542 2531 Tacent,
558 2461 590 2514 et
604 2450 699 2515 albus
713 2470 771 2515 ora
784 2450 886 2534 pallor
900 2449 1009 2531 inficit,
1235 2452 1276 2514 15

447 2551 639 2633 Mentesque
654 2549 820 2634 perculsae
835 2559 975 2632 stupent,

405 2650 460 2716 Sic
474 2661 541 2714 est:
564 2651 680 2713 acerbe
693 2649 763 2714 fate
777 2648 944 2713 Romanos
957 2658 1061 2731 agunt

447 2750 627 2833 Scelusque
641 2748 800 2813 fraternae
814 2748 911 2828 neeis,

405 2849 451 2913 Ut
464 2849 662 2913 immerentis
676 2848 776 2912 fluxit
790 2849 824 2912 in
839 2858 956 2912 terrem
969 2847 1066 2912 Remi

446 2949 545 3013 Sacer
558 2948 728 3032 nepotibus
741 2966 843 3012 eruor.
1232 2946 1277 3012 20

480 3145 509 3198 G.
520 3148 561 3197 vii
576 3146 615 3197 12.
632 3146 774 3209 Nunquam.
907 3146 946 3197 1³.
962 3160 1055 3198 ensem

615 3227 653 3278 15.
670 3236 696 3277 et
706 3242 749 3279 on
760 3226 837 3290 ponor
847 3225 921 3278 albus.
