2842 4342
688 319 887 372 unnumwn

490 475 560 540 Nee
573 470 675 559 parcit
689 475 827 541 imbellis
836 478 993 560 juventae

532 574 712 658 Poplitibus
726 575 903 657 timidoque
918 586 1016 660 tergo.

446 771 565 853 Virtus,
580 772 728 856 repulsae
742 772 852 836 neseis
867 771 1023 855 sordidae,

448 872 653 936 lntaminatis
667 871 771 955 fulget
785 871 967 954 honoribus,

493 971 562 1036 Nec
576 972 676 1035 sumit
690 981 748 1034 ant
761 971 851 1054 ponit
865 990 993 1036 secures

531 1071 670 1136 Arbitrio
683 1071 847 1154 popularis
861 1088 969 1135 aurae

446 1267 565 1349 Virtus,
581 1260 752 1332 recludens
766 1266 934 1332 immeritis
947 1267 1028 1332 mori

447 1367 593 1447 eoelum,
608 1377 728 1450 negata
743 1376 846 1431 tentat
860 1367 919 1431 iter
931 1367 995 1448 via,

489 1466 672 1549 Coetusque
687 1465 839 1550 vulgares
852 1478 885 1531 et
898 1465 1001 1530 udam

530 1565 659 1648 Spernit
672 1565 815 1630 humum
828 1563 972 1648 fugiente
985 1583 1103 1647 penna

445 1761 508 1827 Est
520 1773 554 1827 et
563 1759 651 1827 fideli
666 1772 738 1826 tnta
752 1761 879 1826 silentio

446 1863 587 1927 Merces:
609 1862 733 1944 vetab0,
748 1862 806 1945 qui
821 1860 945 1926 Cereris
960 1879 1091 1926 sacrum

488 1961 637 2045 Vulgarit
651 1980 798 2042 areanae,
814 1960 877 2024 snb
889 1958 995 2023 tsdem

528 2060 580 2126 Sit
593 2060 737 2125 trabibus
751 2058 938 2142 fragilemve
953 2077 1084 2123 meeum

444 2255 558 2321 Solvat
572 2255 747 2338 phaselon:
768 2275 864 2339 saepe
878 2256 1039 2339 Diespiter

445 2354 620 2436 Negleetus
635 2354 758 2419 moesto
772 2353 896 2419 addidit
910 2355 1089 2440 integrum:

485 2454 571 2519 Raro
586 2454 832 2518 antecedentem
848 2454 1022 2519 scelestum

527 2553 678 2618 Deseruit
692 2553 773 2637 pede
787 2572 892 2638 poena
906 2552 1034 2619 elando.

535 3082 537 3089 ’
647 3108 829 3171 urruns
855 3109 919 3170 111.

433 3315 566 3380 Justnm
579 3326 612 3379 et
626 3324 773 3379 tenacem
788 3314 938 3397 propositi
951 3315 1060 3380 virum

434 3413 465 3477 N
466 3433 509 3477 on
522 3414 645 3479 civium
659 3411 752 3477 ardor
765 3432 866 3497 prava
876 3413 1069 3497 jubentium,

474 3504 549 3569 Non
565 3507 676 3570 vultus
690 3507 840 3570 instantis
855 3511 984 3590 tyranni

518 3604 627 3667 Mente
641 3607 745 3687 quatit
760 3606 870 3688 solida,
885 3627 991 3690 neque
1006 3610 1131 3689 Auster,

311 3801 349 3853 16.
366 3802 488 3852 amiton.
553 3800 594 3849 27.
615 3801 734 3864 vulgarit.
801 3805 841 3855 28.
859 3805 1021 3870 fragilemque.
1088 3806 1118 3856 C.
1130 3809 1165 3860 ib.
1180 3811 1201 3859 1.
1218 3824 1256 3860 aa
