2842 4342
505 396 615 445 menn
639 396 693 445 111.
744 396 774 447 o.
799 397 850 448 Ν.
1131 374 1178 458 'l'l

355 552 505 618 'l'entsbo
519 560 552 614 et
565 561 694 615 urentes
708 571 824 616 arenas

396 651 513 716 Litoris
527 649 652 733 Assyrii
667 651 778 715 viator.

313 849 426 914 Visam
439 848 612 913 Britannos
627 849 809 932 hospitibus
823 849 915 929 seros,

311 948 358 1012 Et
370 947 492 1012 laetum
505 947 625 1031 equino
639 947 801 1030 sanguine
815 948 1016 1029 Concanum,

354 1047 466 1111 Visam
479 1047 694 1130 pharetratros
709 1046 849 1110 Gelonos

394 1146 440 1210 Et
453 1146 647 1229 Scythicum
662 1146 837 1210 inviolatus
852 1166 992 1211 amnem

313 1359 378 1423 Vos
392 1359 565 1423 Gaesarem
578 1360 691 1440 altum,
707 1360 823 1424 militia
837 1361 935 1425 simul

313 1460 431 1524 Fessus
445 1459 590 1523 cohortes
605 1459 729 1523 abdidit
742 1459 876 1544 oppidis,

355 1557 463 1623 Finire
477 1569 685 1641 quaerentem
701 1559 833 1641 labores,

398 1658 500 1722 Pierio
515 1659 662 1722 recreatis
677 1669 777 1723 antro.

313 1871 377 1935 Vos
391 1871 463 1936 lene
477 1871 649 1935 consilium
663 1882 695 1934 et
708 1870 803 1952 dotis,
818 1881 851 1934 et
865 1870 942 1935 dato

311 1970 475 2051 Gaudetis,
491 1970 606 2035 almae.
649 1971 789 2052 Scimus,
804 1978 841 2034 ut
855 1970 970 2054 impios

352 2070 492 2135 Titanes
506 2070 749 2153 immanemque
762 2080 904 2135 turmam

394 2170 547 2235 Fulmine
562 2170 728 2234 sustulerit
741 2170 874 2251 caduco,

310 2385 381 2454 Qui
395 2395 513 2449 terram
526 2384 670 2465 inertem,
686 2384 745 2467 qui
759 2403 847 2448 mere
862 2394 1018 2469 temperet

309 2483 496 2564 ventosum,
512 2493 545 2547 et
558 2485 654 2549 urbes
669 2503 834 2568 regnaque
849 2484 951 2549 tristia

351 2583 517 2667 Divosque
532 2583 747 2667 mortalesque
762 2584 873 2648 turbas

393 2684 530 2768 Imperio
545 2684 625 2766 regit
639 2703 727 2747 unus
741 2703 855 2767 aequo.

310 2896 471 2980 Magnum
485 2897 541 2961 ille
554 2907 702 2963 terrorem
718 2897 870 2963 intulerat
882 2896 957 2961 Jovi

311 2996 432 3062 Fidens
442 3000 598 3082 juventus
613 2998 744 3061 horrida
758 2996 906 3078 brachiis,

353 3098 546 3180 Fratresque
560 3097 728 3161 tendentes
741 3115 841 3180 opaco

393 3197 506 3262 Pelion
520 3197 711 3280 imposuisse
726 3195 879 3280 Olympo.

309 3409 376 3476 Sed
388 3411 469 3494 quid
482 3411 664 3495 Typhoeus
678 3420 712 3474 et
724 3408 856 3474 validus
870 3408 999 3491 Mimas,

309 3509 377 3573 Aut
390 3509 470 3593 quid
483 3511 605 3574 minaci
619 3507 822 3592 Porphyrion
836 3516 932 3588 stetu,

259 3706 300 3759 ³1.
316 3719 420 3760 mentes
525 3708 566 3758 ³⁷.
584 3710 717 3760 Caesarem
728 3709 803 3760 ultum
817 3707 970 3773 (educam)
982 3707 1077 3759 milltlm

342 3790 383 3842 38.
400 3789 639 3849 eddidihortllt'm
655 3789 767 3841 reddidit.
831 3790 873 3842 4³.
891 3789 993 3841 turbem.

590 3871 631 3923 47,
648 3879 747 3921 tunnas
