2842 4342
531 406 691 461 mam
741 410 852 463 ava
1120 400 1193 471 253

175 570 224 633 Ac
237 567 321 631 bene
334 574 543 631 nummatum
556 565 686 631 decorat
700 567 845 633 Suadela
861 568 1042 654 Venusque.

175 666 348 750 Mancipiis
362 664 505 749 locuples
519 675 592 749 eget
605 666 687 729 aeris
702 667 935 752 Cappadocum
949 689 1024 733 rex:

175 768 225 832 Ne
239 766 339 830 fueris
353 766 407 829 hic
422 776 468 830 tu.
512 765 715 848 chlamydes
729 766 898 849 Lucullus,
914 779 951 833 nt
965 770 1066 851 aium,
1098 812 1105 823 ·
1150 772 1194 837 lo

175 869 212 933 Si
226 875 334 950 posset
347 874 480 930 centum
495 883 611 928 scenae
626 866 785 948 praebere,
801 878 941 951 rogatus,

175 968 245 1037 Qut
259 984 394 1050 possum
408 965 476 1028 toti
491 964 555 1028 ait:
574 975 684 1030 tamen
694 975 727 1029 et
737 985 901 1049 quaeram,
913 977 954 1047 et,
965 978 1045 1050 quot
1058 969 1192 1053 habebo,

175 1067 324 1148 Mittam3
346 1074 418 1149 post
431 1063 542 1148 paullo
557 1065 673 1145 scribit,
689 1066 751 1130 sibi
765 1066 868 1131 millia
882 1067 1026 1150 quinque

174 1166 258 1230 Esse
272 1165 361 1229 domi
375 1162 608 1247 chlamydum3
630 1174 763 1248 partem,
778 1165 831 1229 vel
846 1166 969 1231 tolleret
983 1186 1106 1232 omnes.

176 1266 285 1330 Exilis
298 1264 416 1328 domus
430 1273 487 1344 est,
504 1263 559 1328 ubi
574 1282 640 1327 non
655 1274 687 1327 et
700 1264 806 1328 multa
820 1277 1002 1350 supersunt,
1151 1267 1194 1333 45

177 1367 222 1430 Et
236 1365 407 1429 dominum
421 1362 547 1444 fallunt,
564 1373 596 1427 et
609 1373 744 1447 prosunt
758 1363 893 1429 iuribus.
936 1366 1025 1450 Ergo

175 1468 212 1533 si
227 1486 278 1530 res
292 1464 362 1528 sola
376 1473 480 1547 potest
493 1463 599 1527 facere
613 1474 646 1527 et
660 1483 787 1528 servare
800 1465 942 1547 beatum,

176 1567 248 1631 Hoc
262 1564 385 1649 primus
400 1574 525 1648 repetas
539 1583 630 1647 opus,
646 1564 707 1628 hoc
722 1574 903 1646 postremus
917 1565 1055 1629 omittas.

176 1667 212 1731 Si
227 1664 427 1728 fortunatum
441 1663 563 1746 species
577 1673 610 1726 et
623 1664 728 1746 gratia
742 1674 890 1746 praestat,

177 1765 359 1828 Mereemur
373 1782 512 1843 servum,
527 1763 585 1845 qui
600 1761 698 1826 dictet
712 1763 854 1842 nomina,
870 1763 1002 1827 laevum
1152 1765 1196 1829 50

175 1863 249 1934 Qui
263 1861 381 1927 fodicet
394 1862 489 1943 latus,
504 1873 537 1926 et
550 1872 645 1945 cogat
659 1873 749 1926 trans
763 1860 906 1946 pondera
921 1861 1070 1926 dextram

176 1963 357 2045 Porrigere:
380 1961 443 2025 Hic
457 1960 599 2025 multum
613 1962 647 2025 in
662 1961 767 2025 Fabia
781 1960 877 2041 valet,
893 1960 947 2025 ille
961 1961 1095 2044 Velina3

179 2061 243 2125 Cui
257 2060 335 2124 libet
349 2060 378 2123 is
391 2059 496 2124 fasces
510 2059 608 2141 dabit,
623 2060 799 2144 eripietque
813 2060 926 2124 curule

179 2161 243 2225 Cui
257 2159 344 2224 volet
358 2160 560 2244 importunus
575 2161 663 2224 ebur.
707 2161 829 2241 Frater,
843 2171 934 2245 pater
947 2160 1050 2244 adde;

179 2261 224 2326 Ut
236 2260 356 2343 cuique
370 2270 420 2324 est
433 2271 532 2341 aetas,
547 2261 593 2324 ita
606 2279 770 2343 quemque
785 2260 910 2325 facetus
924 2260 1051 2346 adopta
1152 2261 1195 2325 55

178 2361 224 2441 Si,
239 2361 322 2426 bene
335 2361 393 2444 qui
407 2371 529 2442 coenat,
544 2362 627 2425 bene
640 2361 731 2441 vivit,
746 2360 841 2442 lucet,
856 2380 971 2426 eamus

133 2452 137 2457 ’
176 2462 259 2531 Quo
272 2459 369 2524 ducet
383 2459 480 2543 gula3
502 2460 672 2544 piscemur,
687 2479 851 2542 venemur,
866 2471 904 2525 ut
917 2461 994 2524 olim

177 2560 352 2644 Gargilius,
366 2560 424 2643 qui
437 2579 534 2624 mane
548 2559 670 2644 plagas,
685 2560 857 2641 venabula,
872 2578 981 2623 servos

178 2660 353 2724 Differtum
367 2660 500 2723 transire
514 2659 621 2724 iorum
634 2660 856 2744 populumque
866 2659 1010 2743 jubebat,

177 2760 275 2826 Unus
289 2769 327 2824 ut
339 2780 358 2824 e
372 2759 484 2824 multis
498 2759 617 2844 populo
631 2770 796 2844 spectante
811 2757 938 2822 referret
1153 2757 1197 2824 60

177 2860 338 2944 Emptum
352 2858 463 2925 mulus
477 2878 601 2942 aprum
645 2859 746 2924 crudi
762 2855 941 2940 tumidique
956 2855 1111 2937 lavemur,

176 2959 272 3030 Quid
286 2959 408 3039 deceat,
423 2958 504 3042 quid
518 2978 592 3040 non,
607 2958 705 3040 obliti,
722 2958 848 3023 Caerite
862 2976 937 3020 cera

178 3059 289 3143 Digni,
303 3059 476 3143 remigium
489 3058 643 3122 vitiosum
657 3057 838 3123 Ithacensis
852 3055 971 3137 Ulixei,

178 3159 243 3223 Oui
256 3158 360 3241 potior
372 3158 475 3242 patria
490 3156 551 3222 suit
566 3157 736 3222 interdicta
750 3156 908 3240 voluptas.

177 3258 222 3339 Si,
238 3257 455 3321 Mimnermus
469 3258 517 3321 uti
530 3266 648 3337 censet,
664 3256 736 3321 sine
750 3275 858 3319 amore
867 3255 1013 3340 jocisque
1153 3254 1196 3322 65

178 3355 233 3420 Nil
247 3355 500 3441 estimandum,
516 3357 609 3421 vivas
624 3358 659 3421 in
673 3376 782 3421 amore
792 3356 947 3440 jocisque.

178 3455 268 3536 Vive,
283 3456 377 3520 vale!
421 3457 457 3522 Si
471 3457 551 3539 quid
566 3457 685 3521 novisti
699 3456 817 3520 rectius
832 3455 910 3535 istis,

178 3555 349 3621 Candidus
363 3556 489 3641 imperti
502 3578 511 3638 ;
534 3557 651 3636 sinon,
666 3556 718 3620 his
733 3566 822 3619 utere
837 3574 975 3620 mecum

558 3756 599 3807 57.
616 3755 691 3816 ducit,
703 3755 819 3808 Ocellina-
