2842 4342
212 338 284 407 228
612 350 827 400 samareum

253 510 324 582 Qui
338 508 502 572 meliorem
516 506 629 570 audax
643 515 737 570 vocet
750 506 786 569 in
795 506 859 590 jus,
875 504 964 569 illius
978 516 1046 569 esto

252 607 428 689 Defensor;
452 605 541 670 fama
555 606 664 669 civem
677 623 845 689 causaque
859 604 996 687 priorem
1095 594 1105 613 ⁶
1186 607 1234 671 30

251 710 383 791 Sperne,
399 707 487 770 domi
503 706 531 769 si
545 715 665 789 gnatus
680 704 739 768 erit
753 703 939 769 fecundave
953 705 1081 788 conjux.

251 807 385 886 Quinte,
400 819 488 888 puta,
504 815 562 869 aut
576 803 868 887 Publi-gaudent
882 804 1089 886 praenomine
1104 804 1221 869 molles

252 905 527 969 Auriculae-tibi
542 923 595 966 me
609 904 712 966 virtus
727 914 785 966 tua
800 901 876 965 fecit
890 902 1052 966 amicum:

251 1004 312 1070 Jus
327 1023 447 1086 anceps
461 1003 546 1083 novi,
561 1021 681 1065 causas
695 999 867 1065 defendere
882 1019 1033 1083 possum,

252 1104 376 1187 Eripiet
389 1102 497 1185 quivis
512 1101 622 1165 oculos
636 1101 734 1166 citius
748 1101 838 1180 mihi,
853 1110 1000 1184 quamte
1184 1101 1228 1166 35

253 1195 483 1286 Conlemptum
496 1221 591 1265 cassa
601 1220 685 1265 nuce
699 1210 868 1284 pauperet:
883 1200 967 1264 haec
980 1219 1054 1263 mea
1064 1219 1145 1263 cura
1155 1211 1211 1270 est

254 1303 304 1367 Ne
318 1302 397 1385 quid
412 1313 449 1366 tu
462 1300 586 1384 perdes,
601 1319 668 1364 neu
682 1301 727 1364 sis
737 1302 840 1385 Jocua
883 1300 934 1364 Ire
947 1298 1083 1364 domum
1097 1311 1196 1383 atque

251 1401 443 1465 Pelliculam
457 1420 570 1464 curare
581 1400 679 1484 jube;
702 1399 886 1483 ficognitor
900 1399 987 1482 ipse;

251 1502 363 1564 Persta
376 1511 474 1583 atque
488 1499 621 1580 obdura,
637 1518 696 1563 seu
710 1500 808 1564 rubra
822 1498 985 1563 Canicula
1000 1497 1102 1562 findet

252 1599 397 1664 Infantes
412 1610 546 1679 statuas,
562 1618 621 1663 seu
636 1600 750 1682 pingui
765 1608 874 1662 tentus
889 1617 1000 1662 omaso
1184 1597 1226 1661 40

253 1701 372 1764 Furius
387 1700 538 1764 hibernas
551 1718 637 1762 cana
650 1699 727 1762 nive
740 1708 898 1781 conspuet
911 1698 1018 1780 Alpes

253 1801 369 1865 Nonne
383 1799 646 1881 rides-aliquis
659 1799 770 1863 cubito
784 1807 925 1862 stantem
938 1816 1034 1881 prope
1049 1807 1188 1879 tangens

253 1901 462 1983 Inquiet-ut
475 1898 610 1981 patiens,
626 1907 664 1961 ut
677 1897 793 1961 amicis
808 1908 912 1980 aptus,
928 1906 965 1960 ut
979 1896 1076 1960 aceri

253 1999 366 2063 Plures
380 1997 550 2062 adnabunt
564 1997 690 2077 thurini,
706 2006 739 2059 et
752 1996 873 2059 cetaria
886 2005 1038 2059 crescent.

252 2098 289 2163 Si
303 2098 356 2161 cui
371 2107 534 2180 praeterea
548 2095 679 2160 validus
692 2095 779 2159 male
793 2094 930 2158 filiusin
945 2114 979 2158 re
1186 2092 1228 2156 ts

253 2196 423 2260 Praeclara
438 2197 587 2261 sublatus
602 2196 724 2277 aletur3
747 2214 788 2259 ne
803 2194 1013 2258 manifestum

254 2294 394 2359 Caelibis
409 2295 605 2376 obsequium
619 2294 722 2359 nudet
735 2305 776 2374 te,
796 2293 908 2358 leniter
921 2294 956 2356 iu
970 2312 1063 2375 spem

253 2392 379 2477 Adrepe
394 2393 565 2475 officiosus,
582 2405 619 2459 ut
633 2405 666 2458 et
680 2394 819 2457 scribare
833 2392 999 2456 secundus

254 2494 364 2575 Heres,
379 2505 419 2576 et,
435 2495 463 2557 si
478 2495 551 2577 quis
566 2514 663 2558 casus
677 2512 817 2578 puerum
831 2494 931 2575 egerit
946 2491 1039 2570 Orco,

254 2594 295 2660 In
309 2613 454 2659 vacuum
468 2595 602 2658 venias:
624 2613 751 2676 perraro
765 2593 847 2655 haec
862 2592 935 2655 alea
948 2590 1042 2655 fallit„
1187 2590 1230 2655 ⁵0

254 2694 325 2765 Qui
339 2704 569 2758 testamentum
583 2693 687 2757 tradet
701 2693 759 2756 tibi
773 2710 904 2774 cunque
918 2689 1102 2773 legendum,

255 2793 405 2859 Abnuere
419 2804 451 2856 et
467 2793 595 2857 tabulas
609 2813 630 2856 a
645 2803 676 2856 te
691 2810 854 2855 removere
868 2799 1038 2868 memento,

255 2893 310 2958 Sic
326 2903 444 2973 tamen,
460 2903 497 2956 ut
510 2892 597 2957 limis
611 2892 726 2975 rapias,
742 2890 822 2974 quid
837 2890 941 2972 prima
955 2887 1099 2952 secundo

256 2992 338 3056 Cera
352 2991 431 3055 velit
444 3011 559 3074 versu3
583 2992 671 3055 solus
686 2991 841 3055 multisne
855 2990 994 3069 coheres,

256 3091 364 3156 Veloci
378 3110 525 3175 percurre
539 3091 643 3155 oculo.
687 3091 883 3173 Plerumque
896 3097 1042 3152 recoctus
1190 3088 1232 3151 55

256 3192 369 3256 Scriba
381 3212 425 3256 ex
439 3191 653 3275 quinqueviro
666 3210 803 3254 corvum
816 3188 948 3253 deludet
962 3188 1117 3267 hiantem,

258 3291 476 3373 Captatorque
491 3290 585 3355 dabit
598 3291 682 3354 risus
697 3289 819 3355 Nasica
833 3289 1013 3352 Corano.-

256 3390 346 3454 Num
360 3389 461 3455 suriel
483 3411 527 3455 an
541 3390 683 3474 prudens
697 3389 785 3454 ludis
799 3408 861 3469 me,
872 3389 1009 3451 obscura
1021 3384 1231 3449 canendo?-

257 3488 287 3552 0
302 3488 483 3571 Laertiade,
498 3490 660 3574 quidquid
673 3489 791 3568 dicam,
803 3499 862 3552 aut
875 3488 934 3551 erit
948 3496 1007 3550 aut
1021 3504 1107 3549 non:

258 3587 414 3653 Divinare
428 3592 548 3656 etenim
563 3610 705 3674 magnus
719 3588 802 3654 mihi
815 3587 916 3652 donat
930 3585 1099 3670 Apollo-
1190 3582 1232 3647 60

405 3758 446 3809 36.
463 3773 558 3819 quassa.
574 3806 577 3812 ,
599 3740 613 3765 '
625 3759 666 3810 38.
683 3761 718 3809 ais
729 3759 844 3822 cognitor.
910 3755 950 3806 53.
967 3755 1047 3805 limus.

236 3838 276 3898 te,
287 3826 325 3888 60.
344 3849 385 3888 aut
396 3842 450 3895 erit,
460 3847 502 3887 aut
513 3853 563 3887 non
576 3840 691 3889 Divinare
701 3839 763 3889 mihi
775 3854 879 3901 magnus
889 3837 990 3887 donarit
1002 3833 1101 3898 Apollo,
1112 3832 1143 3884 de
1154 3833 1216 3897 cuj.
