2842 4342
658 371 858 423 celemon

457 529 679 594 Monstrumve
694 528 883 593 summisere
897 530 1011 595 Colchi

498 629 615 712 MaJus,
631 627 852 692 Echioniaeve
866 629 1011 694 Thebae.

414 826 536 892 Merces
548 824 726 910 profundo:
748 825 910 908 pulchrior
923 827 1048 892 evenit:
1218 831 1261 895 65

413 927 550 991 Luctere
563 947 570 988 :
593 925 698 988 multa
711 936 840 1008 proruet
853 926 1015 1009 integrum

455 1026 542 1089 Cum
556 1024 652 1088 leude
666 1026 819 1087 victorem
833 1034 985 1108 geretque

497 1124 622 1188 Proelia
635 1124 827 1208 conjugibus
841 1124 1011 1206 loquenda

413 1320 603 1403 Carthagini
613 1321 683 1404 jam
696 1340 763 1384 non
778 1339 838 1403 ego
852 1324 984 1385 nuntios

414 1421 544 1485 Mittam
558 1420 730 1503 superbos:
752 1418 877 1501 occidit,
893 1420 1010 1485 occidit
1218 1424 1261 1487 ⁷0

455 1521 536 1603 Spes
550 1519 657 1583 omnis
670 1529 704 1582 et
717 1518 846 1583 fortune
860 1521 959 1584 nostri

498 1618 655 1699 Nominis,
670 1617 875 1682 Hasdrubale
890 1620 1087 1704 interempto.

413 1816 469 1881 Nil
484 1816 641 1881 Claudiae
656 1835 722 1880 non
735 1815 902 1900 perficient
915 1836 1041 1897 manus,

414 1917 511 1988 Quas
525 1926 557 1979 et
569 1916 709 1999 benigno
724 1915 860 1979 numine
874 1916 999 2000 Jupiter

458 2014 620 2096 Defendit,
635 2024 668 2077 et
681 2034 779 2078 curae
794 2034 927 2097 sagaces

497 2113 689 2196 Expediunt
702 2132 760 2197 per
773 2124 871 2178 acuta
883 2113 969 2179 belli.

627 2623 807 2688 cauuuu
840 2624 878 2684 v.
916 2695 920 2702 ,

459 2806 513 2849 ΔΙ)
543 2807 773 2851 consentu
807 2806 1049 2850 AUGUSTU-

373 2966 467 3030 Divis
481 2962 546 3031 orte
561 2965 662 3049 bduis,
677 2964 796 3051 optime
811 2952 971 3033 Romulae
982 3038 996 3065 h

372 3064 491 3128 Custos
506 3069 619 3150 gentis,
636 3064 714 3130 alies
723 3064 795 3150 jain
808 3054 949 3131 niuiitt'm
962 3067 1023 3130 diu
1031 3074 1040 3148 ξ

372 3165 540 3233 Matutam
553 3165 693 3229 reditum
707 3164 867 3247 pollicitus
882 3166 1018 3229 Petrum

456 3264 576 3329 Sancto
590 3250 733 3343 concilio,
749 3256 825 3327 redi.

371 3463 496 3528 Lucem
510 3464 606 3527 redde
621 3476 704 3544 tuae,
721 3462 791 3526 dux
805 3463 896 3543 bone,
913 3462 1052 3545 patriee;

371 3562 478 3626 Instar
492 3564 576 3627 veris
591 3564 678 3628 enim
694 3564 808 3627 vultus
823 3562 879 3626 ubi
894 3572 972 3626 tuus

329 3758 370 3825 dd.
388 3757 496 3821 Meroua
513 3763 585 3810 exiet.
653 3761 694 3817 66.
706 3761 748 3819 67,
759 3761 799 3812 tt.
816 3761 916 3823 proruit,
926 3754 1178 3823 pompeium

645 3840 673 3889 C.
685 3855 707 3888 v.
720 3843 744 3890 4.
762 3839 870 3890 consilio.
