2842 4342
265 339 336 409 216
663 357 877 407 sumerton

262 515 358 579 Forte
372 514 481 578 minus
496 513 639 596 locuples
653 532 720 579 uno
733 514 913 597 qmdrente
927 514 1067 596 perisset,

261 615 334 697 Ipse
349 613 510 677 videretur
524 615 586 678 sibi
600 615 751 697 nequior:
773 615 880 678 omnis
893 615 982 678 enim
996 633 1053 694 res,

262 714 379 794 Virtus,
394 713 492 793 fame,
508 713 617 794 decus,
632 713 745 778 divine
758 714 969 797 humanaque
983 714 1130 797 pulchris
1241 716 1282 781 08

262 815 392 878 Divitiis
405 824 537 897 parent3
558 833 642 896 quas
656 814 714 896 qui
727 815 948 893 construxerit,
963 814 1018 878 ille

261 913 377 977 Clarus
391 913 458 993 erit,
473 912 570 993 sortis,
581 913 921 997 justus-sapiensne
930 914 1107 995 l—Etiam,
1124 925 1160 978 et
1174 935 1233 979 rex

265 1013 307 1076 Et
319 1011 481 1095 quidquid
494 1012 589 1075 volet
633 1012 714 1092 Hoc,
730 1012 832 1075 veluti
846 1013 963 1076 virtute
977 1024 1138 1096 paratum,

265 1112 410 1194 Speravit
422 1130 562 1194 magnae
577 1111 667 1175 laudi
682 1110 757 1176 sore.
800 1111 895 1182 Quid
910 1112 1014 1175 simile
1028 1111 1081 1176 isti

263 1213 405 1276 Graecus
419 1211 609 1293 Aristippus,
624 1211 682 1293 qui
697 1231 806 1275 servos
820 1212 969 1295 projicere
983 1230 1101 1276 aruum
1222 1212 1281 1276 100

264 1311 299 1373 1η
314 1309 422 1373 media
430 1310 528 1393 jnssit
541 1310 656 1393 Libya,
671 1310 750 1393 quia
764 1310 886 1374 tardius
900 1310 982 1374 irent

264 1410 391 1492 Propter
404 1429 487 1473 onus
502 1410 640 1493 segnesl
683 1410 762 1475 Uter
775 1422 825 1474 est
838 1410 981 1499 insanior
994 1409 1132 1473 horuml

264 1509 317 1573 Nil
332 1509 400 1591 agit
413 1496 609 1593 exemplum,
625 1509 717 1572 litem
731 1508 819 1593 qnod
834 1509 889 1572 lite
904 1508 1043 1573 resolvit

263 1610 296 1674 si
310 1609 386 1692 quis
399 1618 486 1673 emet
499 1610 649 1690 citharas,
664 1620 791 1694 emptas
805 1618 980 1692 comportet
994 1609 1027 1674 in
1043 1628 1158 1690 rmum,

265 1708 329 1772 Nec
344 1707 450 1771 studio
463 1708 607 1773 citharae
621 1727 682 1772 nec
696 1708 814 1773 Musae
829 1707 958 1771 deditus
972 1707 1049 1789 ulli;
1218 1709 1277 1772 105

264 1807 296 1872 si
311 1806 437 1891 scalpra
449 1816 482 1870 et
496 1806 615 1870 formas
629 1826 696 1871 non
709 1817 806 1887 sutor,
821 1808 955 1871 nautica
969 1806 1043 1870 vela

262 1907 402 1970 eversus
417 1906 613 1987 mercaturis,
628 1905 749 1970 delirus
763 1916 795 1970 et
809 1925 922 1969 amens

262 2005 412 2088 Undique
426 2005 552 2069 dicatur
565 2006 685 2070 merito.
729 2006 801 2077 Qut
815 2005 973 2088 discrepat
986 2004 1064 2084 istis,

258 2105 329 2174 Qui
344 2123 496 2168 nummos
510 2124 692 2187 aurumque
706 2104 858 2185 recondit,
873 2104 1003 2168 nescius
1017 2103 1066 2168 uti

259 2203 452 2287 Compositis
466 2217 678 2287 metuensque
692 2204 783 2268 velut
795 2205 979 2287 contingere
993 2204 1148 2268 sacrum?
1215 2202 1275 2269 110

258 2302 382 2383 Siquis
396 2302 439 2366 ad
453 2304 618 2386 ingentem
631 2304 785 2369 frumenti
799 2323 925 2387 semper
938 2323 1092 2368 acervum

258 2402 426 2466 Porrectus
441 2403 553 2487 vigilet
565 2423 645 2469 cum
658 2404 756 2487 longo
770 2403 864 2484 fuste,
880 2423 987 2486 neque
1002 2403 1091 2467 illinc

258 2502 388 2566 Audeat
401 2504 545 2568 esuriens
559 2503 711 2568 dominns
725 2505 911 2586 contingere
925 2523 1072 2586 granum,

258 2602 307 2665 Ac
321 2603 428 2685 potius
442 2603 526 2669 foliis
539 2622 657 2686 parcus
672 2615 822 2668 vescetur
836 2603 974 2668 amaris:

258 2702 294 2766 Si
308 2703 419 2785 positis
433 2703 521 2767 intus
536 2703 611 2768 Clrii
626 2705 808 2785 veterisque
824 2703 957 2768 Falerni
1217 2702 1275 2765 116

258 2801 348 2865 Mille
363 2802 461 2883 cadis,
476 2803 558 2867 nihil
572 2815 629 2884 est,
645 2814 825 2868 tercentum
840 2802 993 2882 millibus,
1008 2819 1082 2865 acre

258 2901 350 2964 Potet
363 2912 511 2984 acetum3
535 2923 604 2985 age,
620 2902 648 2967 si
662 2913 695 2966 et
708 2903 892 2967 stramentis
906 2902 1044 2980 incubet,
1060 2899 1161 2962 unde

258 3001 431 3083 Octoginta
444 3021 548 3065 annos
561 3011 668 3082 natus,
683 3003 738 3066 cui
753 3001 898 3083 stragula
911 3002 1020 3080 vestis,

258 3099 493 3165 Bratnrumao
507 3101 667 3168 tinearum
681 3101 805 3184 epulae,
820 3110 983 3183 putrescat
997 3101 1031 3163 in
1046 3118 1140 3179 arca;

257 3200 421 3265 Nimirum
433 3201 569 3265 insanus
584 3203 698 3283 paucis
713 3200 869 3281 videatur,
884 3198 1026 3282 eoquod
1215 3194 1276 3258 120

258 3299 406 3363 Maxima
419 3319 494 3382 pars
508 3300 678 3364 hominum
693 3301 803 3364 morbo
812 3301 953 3383 jactatur
966 3297 1089 3361 eodem

259 3399 363 3462 Filius
378 3411 436 3462 aut
449 3400 547 3464 etiam
560 3401 641 3464 haec
657 3400 788 3464 libertus
803 3411 840 3463 ut
853 3400 961 3463 ebibat
974 3398 1076 3476 heres,

260 3498 319 3564 Da
334 3499 462 3562 inimice
477 3519 586 3580 senex,
601 3499 767 3564 custodis?
811 3499 861 3564 Ne
876 3499 932 3562 tibi
947 3496 1052 3562 desit?

258 3597 469 3670 Quantulum
482 3600 571 3664 enim
585 3619 734 3665 summae
748 3599 888 3663 curtabit
901 3597 1040 3679 quisque
1054 3594 1189 3673 dierum,

552 3828 591 3880 9³.
609 3830 703 3893 periret.
770 3830 812 3883 96,
827 3830 980 3880 cannucio
