2842 4342
528 300 648 351 umus.
698 302 729 350 c.
754 301 827 349 xva
1114 284 1187 357 159

273 457 390 523 Eheu!
414 456 585 521 translatos
599 456 664 520 alio
677 456 835 521 maerebis
848 475 992 541 amores3

332 558 394 622 Ast
408 576 469 643 ego
483 557 626 621 vicissim
639 556 746 620 risero.

530 1128 710 1192 GARMEN
737 1128 825 1190 XVI.

365 1328 425 1370 An
463 1327 690 1370 POPULUM
728 1326 986 1372 Romanum.

211 1504 320 1568 Altera
329 1508 400 1589 jam
414 1507 525 1568 teritur
538 1503 631 1568 bellis
645 1504 796 1569 civilibus
811 1515 908 1585 aetas,

251 1605 328 1670 Suis
341 1615 374 1668 et
388 1605 459 1687 ipsa
474 1605 580 1669 Roma
595 1604 717 1667 viribus
732 1605 814 1668 ruit:

212 1706 325 1776 Quam
339 1724 445 1787 neque
460 1704 589 1768 finitimi
604 1704 778 1768 valuerunt
791 1703 920 1789 perdere
935 1704 1043 1786 Marsi,

252 1804 391 1868 Minacis
406 1814 464 1867 aut
480 1803 620 1867 Etrusca
634 1804 794 1867 Porsenae
809 1822 937 1883 manus,

212 1901 352 1967 Aemula
366 1922 426 1966 nec
441 1903 544 1966 virtus
559 1903 701 1985 Capuae,
717 1922 778 1966 nec
793 1903 968 1985 Spartacus
983 1922 1064 1984 acer,
1163 1906 1184 1969 5

253 2000 419 2084 Novisque
433 2003 530 2066 rebus
544 2001 685 2065 infidelis
699 2000 866 2082 Allobrox,

214 2099 285 2165 Nec
298 2098 366 2164 fera
379 2100 529 2164 caerulea
543 2099 668 2164 domuit
682 2100 858 2164 Germania
872 2100 965 2185 pube,

254 2199 510 2283 Parentibusque
524 2200 730 2263 abominatus
745 2199 921 2281 Hannibal,

211 2300 316 2383 Impia
330 2298 501 2382 perdemus
515 2298 621 2362 devoti
636 2299 804 2382 sanguinis
818 2308 916 2380 aetas,

253 2398 408 2481 Ferisque
422 2417 535 2462 rursus
549 2399 760 2482 occupabitur
774 2398 888 2462 solum.
1142 2400 1184 2464 10

212 2496 381 2578 Barbarus,
396 2497 482 2561 heu!
504 2497 627 2561 cineres
642 2497 767 2561 insistet
781 2498 890 2577 victor,
905 2508 938 2560 et
952 2498 1066 2561 urbem

254 2596 368 2679 Eques
382 2607 518 2660 sonante
532 2596 713 2660 verberabit
727 2596 861 2680 ungula,

212 2696 374 2778 Quaeque
388 2705 499 2759 carent
512 2696 618 2759 ventis
632 2706 664 2758 et
679 2695 800 2759 solibus
814 2715 888 2759 ossa
902 2694 1042 2776 Quirini,

255 2792 356 2859 Nefas
370 2794 498 2858 videre!
521 2793 689 2878 dissipabit
704 2794 855 2857 insolens.

214 2894 318 2973 Forte,
333 2893 413 2975 quid
427 2892 587 2976 expediat,
603 2894 816 2957 communiter
830 2904 888 2957 aut
902 2892 1014 2956 melior
1027 2912 1102 2977 pars
1146 2894 1187 2991 1ἱό

256 2991 353 3056 Malis
367 3012 474 3056 carere
488 2992 639 3075 quaeritis
654 2992 834 3057 laboribus:

216 3091 315 3157 Nulla
330 3093 371 3155 sit
384 3092 563 3174 hacpotior
577 3092 755 3155 sententia:
778 3092 999 3156 Phocaeorum

257 3190 354 3255 Velut
367 3190 507 3274 profugit
520 3201 686 3255 exsecrata
700 3192 816 3255 civitas

215 3290 320 3373 Agros
334 3298 430 3371 atque
444 3289 545 3353 Lares
559 3291 685 3373 patrina,
701 3289 943 3373 habitandaque
958 3289 1035 3353 fana

261 3389 355 3471 Apris
369 3389 497 3472 reliquit
510 3399 541 3452 et
556 3390 726 3473 rapacibus
741 3389 827 3473 lupis
1146 3391 1189 3455 20

217 3486 277 3567 Ire,
291 3487 389 3571 pedes
403 3508 598 3571 quocunque
613 3489 723 3570 ferent,
738 3507 934 3571 quocunque
948 3508 1004 3574 per
1018 3488 1125 3554 undas

258 3585 364 3650 Notus
377 3588 506 3652 vocabit
519 3600 578 3652 aut
592 3600 759 3673 protervus
772 3586 910 3651 Africus.

348 3786 523 3838 23.11eubcu.
589 3788 679 3839 Gavi.
693 3790 732 3838 rt.
750 3786 832 3838 videri.
898 3785 1027 3837 merent.
