2842 4342
669 664 851 729 OARMEN
871 664 961 726 ΧΠ,

649 879 713 924 ΔΙ)
748 879 982 923 autent.

475 1071 505 1136 0
520 1058 622 1134 matre
635 1062 772 1153 pul'cbra
787 1070 856 1134 filia
869 1060 1039 1153 pulchrior,

474 1170 586 1241 Quem
600 1168 779 1255 criminosis
794 1188 924 1252 cunque
938 1169 1026 1232 voles
1041 1152 1178 1235 modum'

460 1286 462 1290 “
516 1268 621 1331 Penes
636 1268 761 1348 iambis,
779 1250 848 1331 si've
862 1260 1008 1353 flamma

557 1367 634 1430 Sive
648 1356 730 1429 mari
745 1354 823 1429 libet
835 1364 1011 1430 Hadriano.

474 1562 548 1627 Non
563 1562 780 1645 Dindymene,
795 1581 861 1625 uon
875 1560 983 1645 adytis
997 1562 1102 1645 quatit
1303 1571 1325 1632 5

475 1661 620 1726 Mentem
634 1660 838 1747 sacerdotum
853 1660 959 1724 incola
974 1660 1121 1744 Pythius,

516 1760 590 1825 Non
604 1760 701 1824 Liber
715 1779 827 1843 aeque,
843 1779 909 1823 non
923 1770 1022 1823 acuta

557 1860 612 1924 Sic
628 1861 796 1942 geminant
810 1859 1011 1942 Corybantes
1026 1879 1110 1939 aera,

475 2057 599 2121 Tristes
614 2066 651 2120 ut
664 2057 738 2138 irae,
754 2076 837 2140 quas
851 2076 957 2139 neque
973 2055 1110 2120 Noricus

475 2156 620 2220 Deterret
633 2156 728 2238 ende,
744 2175 804 2219 nec
818 2175 906 2219 mare
921 2154 1126 2239 naufragum,
1288 2157 1329 2221 10

516 2254 585 2320 Nec
601 2274 720 2319 saevus
734 2255 826 2338 ignis,
842 2274 902 2318 nec
917 2254 1081 2319 tremendo

559 2353 684 2437 Jupiter
698 2354 767 2437 ipse
781 2374 879 2418 ruens
893 2354 1045 2418 tumultu

475 2550 591 2614 Fertur
604 2550 823 2631 Prometheus,
839 2550 957 2615 addere
971 2550 1106 2634 principi

473 2648 569 2713 Limo
583 2658 716 2712 coactus
730 2650 925 2732 particulam
939 2648 1084 2733 undique

514 2747 696 2829 Desectam,
712 2758 745 2812 ct
759 2748 866 2814 insani
880 2749 983 2813 leonis
1059 2777 1063 2784 ·
1285 2745 1325 2808 15

559 2847 633 2912 Vim
647 2849 814 2915 stomacho
828 2849 1015 2933 apposuisse
1029 2855 1146 2911 nostro.

473 3045 544 3109 Irae
558 3044 729 3127 Thyesten
744 3046 842 3109 exitio
856 3045 948 3127 gravi

472 3143 629 3223 stravere,
645 3152 677 3205 et
690 3143 765 3206 altis
779 3143 913 3206 urbibus
928 3141 1063 3203 ultimae

515 3243 636 3307 Stetere
650 3261 777 3322 causae,
792 3260 851 3304 cur
863 3239 1001 3324 perirent

557 3342 730 3421 Funditus,
745 3341 1002 3425 imprimeretque
1016 3339 1119 3404 muris
1282 3340 1325 3406 Ἄ)

472 3537 597 3603 Hostile
612 3550 756 3605 aratrum
769 3540 929 3605 exercitus
943 3538 1095 3604 insolens.

472 3635 648 3719 Compesce
662 3652 824 3731 mentem
847 3660 900 3705 me
913 3659 1043 3724 quoque
1059 3636 1194 3722 pectoris

662 3835 692 3886 0.
703 3837 753 3887 xri.
766 3837 790 3887 8.
808 3838 844 3896 si,
855 3836 886 3887 dc
897 3841 961 3903 conj.
