2842 4342
268 361 340 434 heo
639 374 896 427 mummulo

307 537 425 601 Scurra
438 553 554 618 vagare,
568 552 634 599 non
649 534 707 617 qui
721 543 846 598 certum
859 552 1010 617 praesepe
1024 544 1153 618 teneret,

306 637 495 720 lmpransus
507 653 576 699 nou
589 634 647 717 qui
660 634 767 699 civem
780 633 981 716 dignosceret
993 634 1093 714 hoste,

305 734 482 807 Quaelibet
495 734 530 798 in
544 734 694 817 quemvis
707 734 875 817 opprobrie
889 733 1011 816 fingere
1025 752 1151 814 saevus,
1238 733 1282 800 3⁰

305 835 467 899 Pernicies
482 843 514 897 et
528 843 701 917 tempestae
716 833 972 916 barathrumque
986 832 1123 913 macelli,

305 932 479 1017 Quidquid
493 932 682 1015 quaesierat,
697 932 804 997 ventri
818 931 961 996 donabat
975 950 1083 996 avaro.

305 1033 377 1113 Hic,
393 1031 450 1097 ubi
465 1031 628 1114 nequitiae
641 1029 823 1095 fautoribus
838 1040 871 1094 et
885 1029 1008 1094 timidis
1021 1030 1069 1094 nil

304 1134 373 1197 Aut
386 1130 523 1216 paulum
537 1129 723 1210 abstulerat,
738 1131 867 1213 patinas
881 1131 1039 1195 coenabat
1052 1129 1154 1194 omasi

304 1232 385 1297 Vilis
399 1241 432 1295 et
445 1230 594 1314 agninae,
609 1230 711 1294 tribus
726 1230 811 1294 ursis
824 1229 913 1313 quod
927 1230 1007 1294 satis
1020 1242 1121 1312 esset3
1237 1228 1279 1294 35

303 1331 434 1397 Scilicet
447 1341 484 1395 ut
499 1341 627 1395 ventres
641 1329 755 1394 lamna
767 1329 927 1395 candente
942 1339 1096 1414 nepotum

305 1432 432 1496 Diceret
446 1430 586 1495 urendos
598 1439 754 1494 corrector
769 1430 908 1495 Bestius
951 1430 1045 1495 Idem

303 1530 476 1615 Quidquid
490 1540 558 1595 erat
572 1539 688 1594 nactus
703 1529 841 1613 praedae
855 1530 993 1615 majoris,
1009 1529 1066 1594 ubi
1079 1547 1177 1593 omne

303 1632 447 1695 Verterat
461 1630 495 1695 in
510 1629 640 1721 fumum
654 1629 850 1711 etcinerem,
866 1631 942 1696 Non
955 1628 1087 1694 hercule
1100 1629 1206 1708 miror,

302 1730 427 1811 Aiebat,
442 1731 470 1794 ai
483 1729 541 1813 qui
554 1727 730 1794 comedunt
743 1729 837 1811 hona,
852 1748 929 1795 cum
943 1730 985 1794 ait
999 1730 1095 1793 obeso
1233 1728 1280 1793 to

303 1829 359 1895 Nil
373 1829 490 1894 melius
504 1828 607 1910 turdo,
622 1828 670 1892 nil
683 1828 786 1893 vtrlva
799 1828 966 1913 pulchrius
980 1827 1099 1912 ampla

303 1928 719 2012 Nimirumhicegosum3
742 1925 1226 2012 namtutaetparvulalaudo,

303 2028 390 2092 Cum
404 2047 456 2091 res
470 2026 635 2108 deficiunt,
650 2028 730 2092 satia
744 2028 827 2092 iuter
840 2028 921 2093 vilia
933 2026 1042 2109 lortis5

302 2127 424 2190 Verum
438 2126 495 2191 ubi
508 2125 588 2208 quid
602 2127 720 2193 melius
734 2127 892 2211 contingit
905 2137 938 2191 et
952 2127 1091 2207 unctius,
1106 2125 1194 2190 idem

303 2225 368 2288 Vos
382 2244 493 2308 sapere
506 2235 540 2289 et
553 2225 638 2290 solos
651 2227 704 2291 aio
718 2227 800 2291 bene
816 2227 933 2306 vivere,
948 2244 1088 2309 quorum
1233 2222 1280 2287 45

303 2323 507 2407 Conspicitru
520 2324 630 2424 nitidis
644 2325 783 2391 lundata
797 2326 936 2410 pecunia
950 2325 1046 2390 villis
1215 2328 1219 2337 '

602 2884 816 2948 aerarum
848 2846 939 2946 xva

568 3082 627 3127 An
659 3083 972 3131 QUINC'I'IUM.

348 3261 398 3326 Ne
412 3260 613 3344 perconteris,
628 3260 753 3325 fundus
767 3280 869 3341 meus,
885 3261 1004 3345 optime
1019 3259 1167 3342 Quincti,

180 3442 183 3447 ,
306 3360 394 3424 arvo
407 3371 520 3442 pascat
534 3362 657 3441 berum,
673 3380 717 3424 au
731 3361 841 3425 baccis
854 3360 1016 3443 opulentet
1030 3359 1144 3439 olivae,

307 3458 467 3540 Pomisne,
484 3480 527 3523 au
541 3460 649 3543 pratis,
664 3479 709 3523 an
723 3460 843 3525 amicta
857 3460 979 3524 vitibus
994 3459 1101 3523 ulmo:

307 3557 469 3622 Soribetur
483 3560 540 3623 tibi
554 3558 657 3623 forma
671 3559 848 3643 loquaciter
861 3571 894 3623 et
908 3561 991 3623 situs
1005 3559 1082 3643 agri.

308 3656 461 3721 Gonunui
475 3668 610 3740 montes,
625 3660 660 3723 ni
674 3659 887 3725 dissocientur
900 3678 1002 3743 opaca
1265 3655 1288 3715 ὃ

570 3855 611 3903 35.
629 3858 720 3916 agnini.
786 3859 828 3908 37.
845 3867 974 3929 correctum
