2842 4342
690 348 890 439 ctnmuu

652 670 833 735 OARMEN
861 672 937 736 ΧΠ

453 844 506 901 t‘n
535 856 571 900 c.
602 855 791 900 muniunt
822 856 1137 901 nnacuununn.

413 1019 506 1084 Nolis
520 1017 616 1101 longa
630 1015 716 1080 ferae
729 1017 815 1080 belle
829 1017 1028 1082 Numantiae

412 1117 481 1182 Nec
495 1117 602 1180 dirum
616 1116 911 1204 Hannibalemne
925 1117 1076 1181 Siculum
1088 1136 1177 1181 mure

413 1218 521 1281 Poeno
536 1234 734 1298 purpureum
749 1216 909 1299 sanguine
923 1216 1076 1280 mollibus

497 1314 610 1396 Aptari
623 1314 766 1378 citharae
780 1314 894 1395 modis,

414 1513 484 1578 Nec
498 1529 612 1576 saevos
626 1512 785 1595 Lapithas
799 1522 831 1576 et
844 1512 985 1577 nimium
999 1532 1087 1578 merc
1284 1513 1307 1580 ὃ

416 1611 584 1696 Hylaeum
597 1611 799 1695 domitosque
813 1612 975 1676 Herculea
990 1632 1093 1678 manu

416 1712 559 1777 Telluris
569 1713 716 1796 Juvenes,
731 1711 818 1776 unde
832 1712 1013 1795 periculum

501 1811 647 1895 Fulgens
661 1811 857 1876 contremuit
871 1809 988 1875 domus

417 2009 550 2074 Saturni
564 2009 697 2073 veteris:
721 2017 822 2090 tuque
835 2006 1037 2091 pedestribus

417 2108 515 2172 Dices
528 2107 668 2170 historiis
682 2105 802 2189 proelis
817 2106 974 2187 Caesaris,
1267 2105 1308 2170 10

417 2206 600 2285 Maecenas,
614 2203 732 2268 melius
746 2204 909 2289 ductaque
923 2225 979 2289 per
993 2205 1065 2269 vias

500 2303 630 2386 Regum
643 2302 727 2366 colla
741 2304 927 2369 minaciuut

418 2499 474 2563 Me
488 2497 600 2562 dulces
615 2497 767 2563 dominae
781 2500 880 2565 Musa
893 2500 1086 2584 Licymniae

419 2599 553 2680 Cantus,
568 2618 621 2663 me
635 2597 740 2662 voluit
753 2597 857 2663 dicere
873 2598 1020 2664 lucidum

420 2698 596 2781 Fulgentes
611 2696 731 2777 oculos,
746 2705 779 2760 et
792 2698 874 2762 bene
888 2699 1013 2763 mutuis
1266 2696 1307 2762 15

502 2796 624 2862 Fidum
638 2806 752 2881 pectus
766 2797 929 2861 amoribus
943 2818 951 2861 ε

418 2996 534 3065 Quam
546 3013 607 3058 nec
621 2993 701 3058 serre
715 2994 831 3077 pedem
845 2993 997 3058 dedecuit
1009 2992 1116 3058 choris

418 3092 487 3158 Nec
500 3100 620 3155 certare
629 3093 703 3174 joco
716 3111 777 3154 nec
791 3091 867 3155 dare
882 3091 1015 3154 brachia

417 3191 601 3256 Ludentem
614 3188 725 3252 nitidis
739 3189 926 3272 virginibus,
942 3208 1034 3252 sacro

503 3290 629 3354 Dianae
642 3287 776 3353 celebris
789 3286 850 3351 die.
1265 3287 1308 3351 2⁰

419 3485 510 3550 Num
524 3495 569 3568 tu,
584 3506 669 3570 quae
684 3485 789 3552 tenuit
802 3484 893 3550 dives
907 3484 1139 3565 Achaemenes,

417 3586 486 3650 Aut
499 3585 630 3668 pinguis
644 3587 805 3671 Phrygiae
820 3585 1017 3671 Mygdonias
1031 3604 1108 3669 opes

390 3768 421 3820 0.
432 3769 476 3820 xii.
486 3767 512 3819 2.
529 3767 622 3819 durum.
721 3770 744 3820 t.
761 3770 904 3821 domitum.
1006 3769 1044 3820 12.
1061 3767 1217 3819 muudum.

734 3849 773 3899 13.
790 3849 875 3900 dulcis.
