2842 4342
643 345 842 397 omnim!

397 505 586 588 Prosperam
600 502 732 586 frugum
745 503 945 585 celeremque
958 520 1074 586 pronos

480 604 616 668 Volvere
628 621 799 695 menses..
1209 604 1254 669 4ο

398 802 509 885 Nupta
515 803 588 885 vjam
602 800 708 864 dices:
731 818 791 882 ego
805 798 856 862 dte
870 798 1022 880 ernicum,

396 901 534 966 Saeculo
549 901 646 963 festas
660 899 814 962 referente
828 897 927 978 luces,

396 999 535 1065 Reddidi
549 1017 688 1077 carmen,
705 996 818 1061 docilis
831 997 1001 1062 mederum

481 1097 572 1162 Vatis
586 1096 708 1161 Horati.

605 1682 787 1746 OARMEN
814 1681 889 1744 VIL

414 1882 467 1925 ΔΙ)
500 1882 535 1925 1.
569 1880 772 1925 MANLIUM
805 1880 1081 1928 TORQUATUM.

300 2042 472 2141 Di'ffiige‘re
475 2016 581 2139 nives,
595 2004 773 2121 redient*
739 2042 810 2157 Jarri
823 2030 978 2140 gramina
978 2077 1107 2179 :campis

383 2141 623 2267 messesque
637 2138 809 2249 slew

299 2253 408 2318 Mutat
421 2263 504 2317 terra
516 2253 605 2318 vices
619 2263 652 2317 et
665 2253 921 2319 decrescentia
897 2275 982 2339 npas

382 2352 539 2416 Flumina
552 2362 773 2436 praetereunt:

299 2451 412 2515 Gratia
424 2469 502 2515 cum
516 2451 680 2536 Nymphis
693 2453 896 2537 geminisque
910 2454 1070 2518 sororibus
1084 2453 1183 2518 audet
1227 2458 1249 2518 6
1319 2488 1327 2501 ·

384 2550 510 2613 Ducere
524 2549 615 2615 nuda
628 2551 753 2615 choros.

299 2648 497 2712 Immortalia
510 2668 551 2713 ne
565 2670 681 2733 speres,
695 2660 806 2715 monet
819 2669 927 2714 annus
941 2660 973 2714 et
986 2650 1112 2715 almum

383 2748 481 2819 Quae
495 2748 579 2831 rapit
591 2749 671 2812 ho'ra
685 2748 782 2813 diem.

299 2845 432 2928 Frigora
446 2846 620 2911 mitescunt
634 2848 816 2931 Zephyris3
839 2866 895 2911 ver
908 2848 1037 2931 proterit
1050 2858 1157 2913 aestas

381 2943 561 3026 Interitura,
576 2945 674 3009 simul
1209 2949 1250 3012 10

211 3062 216 3071 ’
299 3043 439 3108 Pcmifer
452 3053 652 3107 auctumnus
667 3043 777 3126 fruges
791 3044 946 3126 effuderit,
961 3056 994 3110 et
1007 3065 1086 3111 mex

201 3218 204 3224 ¹
382 3143 504 3207 Bruma
518 3143 649 3207 recurrit
662 3142 758 3206 iners.

299 3243 432 3306 Damna
445 3254 555 3307 tamen
569 3242 690 3306 celeres
705 3252 854 3324 reparant
867 3241 1018 3307 coelestia
1032 3244 1165 3309 Lunae:

383 3342 460 3423 Nes,
476 3343 533 3407 ubi
546 3340 734 3422 decidimus,

298 3442 377 3513 Quo
390 3442 464 3525 pius
478 3444 614 3523 Aeneas,
629 3462 694 3525 quo
707 3440 799 3506 dives
813 3439 945 3522 Tullus,
959 3451 993 3505 et
1005 3442 1127 3523 Ancus,
1209 3443 1250 3507 15

382 3539 497 3604 Pulvis
511 3551 544 3605 et
557 3543 674 3607 umbra
687 3560 811 3606 sumus.

612 3740 641 3790 c.
653 3743 693 3791 rii
708 3740 747 3791 12.
763 3752 874 3791 recurret

284 3820 322 3870 15.
338 3827 406 3882 pater
417 3818 532 3878 Αοιιαισς
550 3818 676 3876 wellias:
693 3821 781 3871 Tullus
791 3821 877 3882 dirce,
893 3820 988 3880 Tellus,
998 3820 1067 3871 dim
1077 3831 1102 3871 et
1113 3820 1206 3873 Artena
