2842 4342
242 312 314 384 296
569 324 621 375 nn
644 323 743 373 ansa
766 321 929 373 rennos

282 485 418 566 Fingere
431 482 583 546 cinctutis
597 499 664 544 non
677 478 835 542 exaudita
848 478 1000 562 Cethegis
1228 484 1274 549 bo

281 583 461 665 Continget,
475 581 668 663 dabiturque
684 578 814 642 licentia
828 589 958 661 sumpta
972 578 1128 661 pudenter

279 683 327 747 Et
339 700 425 746 nova
439 680 580 763 fictaque
594 697 698 761 nuper
710 677 877 741 habebunt
891 678 990 741 verba
1003 677 1109 758 fidem,
1124 681 1155 743 si

281 783 404 845 Graeco
418 779 506 844 fonte
519 778 645 858 cadent,
660 796 755 860 parce
769 776 901 840 detorta
944 777 1036 848 Quid
1050 790 1161 843 autem

280 880 423 946 Caecilio
436 879 618 961 Plautoque
631 876 722 941 dabit
735 876 913 956 Romanus,
929 876 1118 959 ademptum
1152 952 1158 965 ,

280 979 413 1063 Virgilio
426 978 611 1060 Varioque?
652 976 727 1060 Ego
740 994 807 1054 cur,
822 976 986 1058 acquirere
999 996 1106 1061 pauca
1220 983 1270 1045 55

280 1080 316 1143 Si
330 1097 472 1163 possam,
488 1075 640 1157 invideor,
654 1094 733 1138 cum
747 1074 861 1157 lingua
875 1075 1008 1139 Catonis
1022 1087 1055 1139 et
1068 1076 1160 1142 Eunt

279 1180 468 1244 Sermonem
482 1175 622 1259 patrium
636 1174 786 1238 ditaverit
799 1184 833 1237 et
844 1193 932 1238 nova
945 1194 1053 1238 rerum

280 1278 421 1342 Nomina
434 1274 622 1358 protulerit?
666 1273 776 1338 Licuit
789 1292 978 1356 semperque
993 1273 1108 1355 licebit,

278 1376 452 1459 Signatum
465 1382 632 1456 praesente
646 1383 725 1436 nota
738 1372 913 1456 producere
926 1392 1055 1437 nomen.

251 1476 324 1541 ..Ut
338 1474 439 1538 silvae
453 1473 537 1537 soliis
551 1491 666 1555 pronos
680 1473 1024 1553 mutanturinaunos,
1212 1474 1261 1538 60

279 1573 388 1638 Prima
403 1572 545 1636 cadunt:
566 1573 613 1636 ita
626 1573 799 1636 verborum
813 1582 907 1637 retus
921 1573 1027 1636 interit
1040 1582 1140 1653 aetas,

280 1673 326 1738 Et
334 1675 495 1759 juvenum
509 1672 573 1736 ritu
587 1671 702 1735 florent
716 1671 812 1734 modo
826 1681 904 1735 nata
918 1672 1101 1755 vigentque

280 1772 445 1836 Debentur
459 1772 553 1835 morti
566 1789 626 1834 nos
640 1780 831 1852 nostraque:
853 1770 922 1833 sire
936 1782 1082 1854 receptus

280 1871 384 1935 Terra
397 1870 569 1953 Neptunus
583 1869 704 1933 classes
718 1869 933 1950 Aquilonibus
947 1879 1041 1950 arcet,

279 1970 378 2054 Regis
392 1989 482 2053 opus,
498 1969 653 2033 sterilisve
667 1968 724 2032 diu
739 1968 835 2051 palus
849 1979 991 2052 aptaque
1005 1970 1101 2033 remis
1211 1972 1254 2035 66

279 2070 411 2134 Vicinas
426 2069 521 2132 urbes
536 2069 594 2132 alit
607 2078 639 2132 et
653 2087 752 2151 grave
766 2069 865 2131 sentit
879 2079 1031 2149 aratrum,

278 2169 346 2233 Seu
359 2186 492 2231 cursum
508 2169 649 2232 mutavit
662 2168 813 2250 iniquum
826 2166 974 2251 frugibus
988 2169 1103 2248 amnis,

279 2266 403 2330 Doctus
417 2266 476 2329 iter
489 2266 624 2348 melius3
646 2266 796 2330 mortalia
810 2265 897 2330 sacta
910 2267 1068 2349 peribunt,

277 2365 410 2431 Nedum
423 2385 608 2430 sermonum
623 2377 684 2431 stet
699 2367 801 2430 honos
815 2376 847 2429 et
861 2368 965 2450 gratia
978 2368 1088 2430 vivax.

279 2465 385 2530 Multa
400 2478 616 2546 renascentur,
631 2486 717 2548 quae
727 2468 797 2550 jam
810 2465 962 2547 cecidere,
976 2466 1158 2548 cadentque
1209 2468 1252 2530 70

278 2566 376 2637 Quae
388 2585 477 2629 nuno
491 2577 568 2630 sunt
582 2567 615 2629 in
630 2566 758 2646 honore,
773 2565 941 2646 vocabula,
957 2567 985 2629 si
999 2566 1085 2629 volet
1100 2586 1191 2646 usus,

278 2667 390 2736 Quem
403 2684 502 2747 penes
516 2666 683 2729 arbitrium
696 2675 747 2728 est
760 2676 792 2728 et
801 2668 856 2750 jus
870 2675 903 2728 ot
916 2684 1029 2729 norma
1043 2665 1206 2747 loquendi

277 2764 344 2830 Res
358 2775 467 2847 gestae
481 2784 658 2848 regumque
673 2765 861 2847 ducumque
875 2776 908 2829 et
924 2766 1025 2828 tristia
1039 2764 1125 2829 bella

278 2865 357 2934 Quo
371 2864 465 2928 scribi
479 2875 609 2947 possent
622 2884 766 2945 numero,
782 2865 973 2928 monstravit
988 2864 1157 2928 Homerus

278 2962 431 3027 Versibus
446 2964 607 3046 impariter
614 2965 738 3050 junctis
752 2964 953 3046 querimonia
967 2963 1116 3046 primum,
1209 2962 1254 3026 75

278 3062 355 3126 Post
368 3062 466 3127 etiam
481 3063 608 3128 inclusa
621 3076 671 3127 est
685 3065 751 3128 voti
766 3063 925 3127 sententia
937 3081 1077 3145 compos

278 3161 365 3230 Quis
379 3172 490 3225 tamen
504 3181 640 3245 enguos
654 3163 762 3244 elegos
776 3162 916 3225 emiserit
929 3169 1048 3239 auctor,

278 3258 488 3326 Grammatici
503 3272 626 3326 certant
640 3273 672 3325 et
685 3261 795 3325 adhuc
810 3262 872 3325 sub
881 3260 992 3346 Judioe
1006 3259 1047 3323 lis
1060 3270 1118 3323 est.

278 3358 511 3425 Archilochum
524 3362 648 3445 proprio
662 3361 767 3425 rabies
781 3361 921 3424 armavit
935 3360 1061 3425 iambo:

277 3454 376 3520 Hunc
390 3461 476 3523 socci
490 3480 600 3544 cepere
614 3460 728 3545 pedem
744 3461 945 3542 grandesque
959 3458 1118 3538 cotbumi,
1211 3457 1256 3522 8⁰

279 3555 421 3622 Alternis
435 3572 549 3642 aptum
563 3560 773 3641 sermonibus,
788 3570 820 3624 et
834 3560 1005 3646 populares

407 3785 447 3836 as.
465 3784 561 3836 aaa.
627 3788 668 3839 sa
685 3789 825 3851 „marea
892 3791 931 3841 aa.
948 3790 1080 3851 mm.
