2842 4342
232 313 305 384 200
626 330 841 381 unumunurn
860 288 862 292 ⁵

234 486 464 570 Expugnabis3
487 497 520 551 et
533 497 583 550 est
596 487 653 570 qui
668 488 756 552 vinci
769 488 877 571 possit,
892 506 994 571 eoque
1204 491 1248 555 5⁶

231 587 387 651 Difficiles
402 586 510 651 aditus
524 588 643 669 primos
658 587 909 651 habet-Haud
923 588 1004 651 mihi
1018 587 1131 651 deeroz

230 687 420 752 Muneribus
434 706 543 751 servos
556 705 779 770 corrumpam:
802 706 876 768 non,
892 687 987 752 hodie
1001 688 1030 751 si

230 786 398 850 Exclusus
412 785 511 867 suero,
527 786 700 869 desistam;
723 798 868 870 tempora
880 807 1054 869 quaeram:

229 886 407 950 Occurram
421 886 456 949 in
470 886 590 967 triviis;
613 885 793 949 deducam!
838 887 892 950 Nil
908 889 977 950 sine
991 906 1111 970 magno

230 985 426 1061 Vitalabore
439 983 528 1048 dedit
542 985 876 1049 mortalibus-Haec
892 985 972 1050 dum
986 987 1061 1069 agit,
1076 1007 1152 1051 cccc
1202 989 1246 1052 60

165 1145 169 1151 ,
233 1087 359 1148 Fuscus
373 1085 512 1148 Aristius
526 1084 672 1164 occurrit,
687 1084 769 1148 mihi
783 1104 887 1164 carus,
902 1096 935 1148 et
949 1085 1042 1149 illum

228 1186 298 1255 Qui
312 1184 447 1268 pulchre
461 1193 578 1246 nosset
622 1184 848 1247 consistimus
892 1183 988 1248 Unde
1002 1185 1118 1249 vanisl
1141 1197 1182 1267 et,

228 1287 307 1355 Quo
322 1283 451 1348 tendis?
473 1293 564 1367 rogat
577 1296 610 1348 et
623 1284 802 1366 respondet.
847 1284 970 1348 Vellere
985 1286 1084 1368 coepi,

229 1385 273 1448 Et
287 1403 436 1468 prensare
450 1402 552 1449 manu
567 1384 747 1448 lentissima
760 1383 902 1464 brachia,
917 1396 1047 1464 nutans,

229 1485 443 1567 Distorqnens
457 1484 577 1564 oculos,
593 1493 631 1546 ut
645 1502 698 1547 me
713 1484 853 1566 eriperet
897 1484 985 1548 Male
1000 1484 1108 1547 salsus
1203 1485 1244 1549 65

228 1584 351 1648 Ridens
365 1583 587 1665 dissimulare3
610 1602 723 1647 meum
731 1585 824 1667 jecur
838 1603 928 1647 urere
942 1583 1061 1648 bilis.-

229 1684 322 1747 Certc
336 1684 444 1747 nescio
459 1681 539 1765 quid
553 1692 674 1745 secreto
688 1682 772 1745 velle
787 1681 876 1765 loqui
891 1692 922 1745 tc

228 1786 348 1850 Aiebas
362 1782 680 1850 mecum-Memini
694 1783 785 1862 bene,
801 1781 857 1845 sed
871 1781 1001 1846 meliore

228 1885 389 1968 Tempore
402 1884 529 1948 dicam:
551 1882 649 1946 hodic
663 1881 827 1945 tricesima
841 1881 993 1944 sabbata:
1017 1880 1082 1944 vin'
1096 1890 1136 1944 tu

229 1986 338 2050 Gurtis
352 1983 486 2048 Iudaeis
500 1981 656 2066 oppedere
664 1980 825 2044 l-Nulla
838 1980 928 2060 mihi,
944 1980 1088 2063 inquam,
1202 1981 1245 2045 70

227 2083 353 2167 Religio
367 2083 513 2146 est-At
526 2094 591 2146 nn:
613 2099 689 2145 sum
703 2079 814 2163 paullo
827 2078 991 2159 infirmior,
1008 2097 1096 2144 unns

228 2181 416 2246 Multorum.
460 2181 632 2264 Ignosces3
656 2177 1092 2262 alissimus-Hunccine
1107 2177 1210 2243 solem

229 2279 315 2343 Tam
329 2280 461 2362 nigrum
475 2298 608 2344 surrexe
621 2279 705 2342 mihi
717 2279 725 2342 !
769 2279 870 2361 Fugit
884 2278 1049 2361 improbus
1063 2297 1102 2341 ac
1116 2297 1172 2341 me

227 2380 299 2445 Sub
312 2378 415 2442 cultro
429 2378 555 2462 linquit
599 2378 689 2444 Casu
703 2378 794 2442 venit
807 2378 924 2442 obvius
937 2377 983 2441 illi

119 2516 129 2533 ·
227 2478 449 2560 Adversarius,
463 2489 513 2544 ct:
536 2480 615 2550 Quo
628 2488 674 2558 tu,
689 2477 896 2561 turpissime?
917 2495 1039 2559 magna
1201 2477 1245 2541 ⁷⁵

227 2578 388 2643 Inclamat
400 2598 499 2643 voce:
520 2587 570 2642 et:
592 2578 685 2642 Licet
698 2576 878 2641 sursunt
920 2576 993 2659 Ego
1007 2593 1083 2638 vero

227 2676 364 2760 Oppono
378 2677 578 2742 auriculam:
600 2677 684 2761 rapit
697 2677 733 2740 in
742 2677 816 2760 jus3
839 2675 961 2739 clamor
974 2675 1135 2756 utrinque,

227 2777 380 2860 Undique
394 2796 580 2843 concursus.
624 2777 680 2842 Sic
694 2795 748 2840 me
763 2775 904 2839 servavit
917 2773 1042 2858 Apollo.

299 2991 466 3044 iddnmait.
533 2991 710 3043 stirme
778 2990 915 3040 duriam.
982 2987 1177 3041 ldhdmat.

652 3073 692 3125 77.
710 3072 825 3135 Apporto.
