2842 4342
231 299 304 379 ato
603 315 885 369 mnemon·

145 448 159 471 '
231 479 339 545 uorat
352 476 623 560 Aristippus-si
637 475 732 540 aaa
745 475 874 558 regibus
888 474 945 555 uo,

230 577 402 644 Fastidiret
415 577 497 657 olus,
512 575 571 659 qui
585 595 637 640 me
651 575 906 640 notet—Unius
920 574 1038 639 horum
1209 577 1254 642 lt

232 678 336 742 Verba
349 677 462 760 probes
475 685 509 739 et
521 674 617 755 saeta,
632 674 720 754 doce,
735 673 788 737 vel
796 674 907 757 junior
919 673 1006 755 audi,

231 778 300 840 Cur
313 776 355 840 sit
368 775 522 858 Aristippi
536 777 638 858 potior
651 773 812 838 sententia
823 792 832 855 ;
855 792 998 855 namque

231 874 418 939 Mordacem
433 875 599 957 Cynicum
612 873 660 937 sic
673 872 834 953 eludebat,
850 882 887 937 ut
901 873 1011 937 aiunt:

231 975 365 1039 Scurror
378 993 438 1058 ego
453 974 521 1056 ipse
534 972 624 1053 mihi,
639 972 759 1056 populo
773 981 828 1053 tu;
852 972 969 1036 rectius
983 971 1045 1035 hoc
1059 981 1092 1036 et

231 1073 442 1157 splendidius
456 1072 559 1137 multo
573 1083 632 1137 est
676 1072 794 1154 Equus
808 1081 845 1134 ut
859 1089 913 1135 me
927 1082 1036 1155 portet,
1048 1072 1116 1139 alet
1129 1091 1196 1152 rex,
1207 1072 1253 1139 w

231 1172 386 1237 Officium
399 1172 502 1253 sacio;
526 1182 563 1235 tu
578 1171 684 1255 poscis
698 1171 778 1236 vilia
791 1188 899 1235 rerum

231 1271 338 1334 Dante
353 1271 464 1351 minor,
479 1271 631 1352 quamvis
645 1269 710 1334 fers
725 1281 757 1334 te
771 1269 895 1335 nullius
908 1280 1066 1353 egentem.

231 1369 349 1433 Omnis
363 1369 564 1453 Aristippum
577 1369 687 1433 decuit
698 1369 787 1433 color
799 1382 832 1434 et
846 1379 950 1435 status
965 1380 997 1433 et
1011 1388 1069 1450 res,

232 1468 432 1533 'l'entantem
444 1470 574 1553 majora,
590 1467 654 1533 fere
669 1471 892 1552 praesentibus
906 1488 1059 1552 aequum.

232 1568 362 1649 Contra,
377 1586 475 1652 quem
490 1567 611 1651 duplici
625 1587 735 1651 panno
750 1570 905 1651 patientia
918 1569 1014 1650 velat,
1208 1568 1252 1632 2⁵

233 1668 382 1749 Mirabor‚
397 1668 484 1732 ritae
498 1668 554 1731 via
568 1668 596 1731 si
610 1686 767 1731 conversa
781 1668 914 1733 decebit

232 1768 323 1832 Alter
337 1786 534 1851 purpureum
548 1786 613 1831 non
628 1767 828 1850 exspectabit
841 1768 1006 1846 amictum,

233 1867 404 1939 Quidlibet
417 1866 552 1942 indutus
565 1866 770 1930 celeberrima
783 1885 840 1949 per
858 1865 930 1929 loca
943 1865 1048 1946 vadet,

232 1967 473 2049 Personnmque
487 1963 566 2029 feret
579 1984 645 2029 non
660 1965 875 2029 inconcinnus
889 1974 1080 2048 utramque:

233 2065 324 2129 Alter
338 2064 442 2129 Mileti
456 2075 579 2128 textam
594 2083 675 2129 cane
689 2066 782 2149 pejus
796 2074 828 2127 et
842 2064 944 2147 angui
1209 2062 1255 2128 3⁰

234 2164 355 2229 Vitabit
368 2163 587 2247 chlamydem,
602 2164 756 2228 morietur
769 2163 892 2247 frigore,
908 2164 937 2227 si
951 2181 1024 2227 non

232 2261 392 2329 Retuleris
406 2280 571 2345 pennum:
594 2262 676 2327 refer
689 2273 723 2326 et
736 2263 806 2327 sine
822 2263 914 2326 vivat
928 2262 1076 2345 ineptus!

233 2362 299 2428 Res
313 2375 426 2445 gerere
434 2372 466 2425 et
479 2372 590 2446 captos
605 2362 771 2427 ostendere
785 2363 912 2427 civibus
926 2362 1043 2442 hostes,

233 2461 372 2544 Attingit
386 2460 504 2525 solium
517 2462 538 2527 J
538 2463 609 2527 oris
623 2472 656 2526 et
669 2462 820 2527 coelestia
835 2472 955 2526 tentat:

234 2561 438 2644 Principibus
452 2560 613 2645 placuisse
627 2561 705 2625 viris
720 2581 787 2626 non
801 2562 917 2625 ultima
931 2560 1006 2624 laus
1019 2570 1077 2624 est
1212 2560 1255 2627 35

234 2660 310 2727 Non
323 2661 428 2725 cuivis
442 2660 566 2725 homini
580 2662 737 2745 contingit
751 2660 839 2727 adire
854 2660 1055 2725 Corinthum

234 2759 334 2842 Sedit,
349 2760 406 2842 qui
421 2759 536 2840 timuit,
552 2779 594 2824 ne
608 2779 674 2825 non
689 2760 893 2825 succederet:
915 2770 1002 2824 esto:

235 2859 337 2939 Quid,
352 2859 409 2942 qui
422 2860 592 2943 pervenit?
635 2860 770 2924 Fecitne
785 2858 941 2924 viriliter?
983 2860 1085 2943 Atqui

235 2958 299 3023 Hic
313 2968 362 3023 est
375 2969 434 3022 aut
447 2978 620 3042 nusquam,
632 2959 721 3042 quod
734 2960 930 3043 quaerimus.
967 2959 1031 3024 Hic
1045 2977 1130 3023 onus
1140 2958 1257 3040 horret,

235 3056 837 3144 Utparvisanimisetparvocorpore
851 3061 976 3144 majus;
1211 3059 1257 3123 40

235 3156 299 3221 Hic
313 3157 400 3221 subit
413 3167 446 3221 et
459 3156 582 3239 perfert.
625 3159 694 3223 Aut
708 3159 811 3223 virtus
825 3178 944 3223 nomen
958 3160 1056 3223 inane
1068 3167 1127 3240 est,

235 3258 303 3322 Aut
316 3257 418 3322 decus
431 3269 463 3322 et
476 3258 614 3342 pretium
628 3268 713 3322 recte
727 3260 806 3342 petit
819 3259 987 3343 experiens
1001 3258 1059 3323 vir.

236 3355 355 3421 Coram
369 3377 442 3441 rege
457 3376 517 3421 suo
530 3357 572 3422 de
586 3368 774 3442 paupertate
789 3368 932 3424 tacentes

235 3454 316 3518 Plus
330 3466 480 3538 poscente
494 3456 613 3540 ferent3
636 3455 743 3539 distat,
759 3477 913 3522 sumasne
927 3457 1093 3542 pudenter,

238 3553 290 3618 An
304 3554 420 3638 rapias.
464 3557 565 3641 Atqui
578 3576 686 3623 rerum
700 3566 799 3643 caput
813 3558 877 3622 hoc
891 3567 968 3640 erat,
984 3556 1038 3622 hic
1052 3554 1134 3621 sons
1213 3552 1258 3618 te

538 3785 580 3838 21.
596 3787 668 3840 vilia:
685 3804 776 3841 rerum.
842 3787 883 3840 ts.
900 3802 953 3839 nt.
