<?xml version="1.0" encoding="UTF-8"?>
<!DOCTYPE html PUBLIC "-//W3C//DTD XHTML 1.0 Transitional//EN"
    "http://www.w3.org/TR/xhtml1/DTD/xhtml1-transitional.dtd">
<html xmlns="http://www.w3.org/1999/xhtml" xml:lang="en" lang="en">
 <head>
  <title>
</title>
<meta http-equiv="Content-Type" content="text/html;charset=utf-8" />
  <meta name='ocr-system' content='tesseract 3.04.00' />
  <meta name='ocr-capabilities' content='ocr_page ocr_carea ocr_par ocr_line ocrx_word'/>
</head>
<body>
  <div class='ocr_page' id='page_1' title='image "./workshorace09horagoog_0165.png"; bbox 0 0 2842 4342; ppageno 0'>
   <div class='ocr_carea' id='block_1_1' title="bbox 511 344 841 396">
    <p class='ocr_par' dir='ltr' id='par_1_1' title="bbox 511 344 841 396">
     <span class='ocr_line' id='line_1_1' title="bbox 511 344 841 396; baseline 0 0"><span class='ocrx_word' id='word_1_1' title='bbox 511 344 697 396; x_wconf 72' lang='lat' dir='ltr'><strong>mmrv.</strong></span> <span class='ocrx_word' id='word_1_2' title='bbox 747 344 841 396; x_wconf 65' lang='lat' dir='ltr'><strong>un„</strong></span> 
     </span>
    </p>
   </div>
   <div class='ocr_carea' id='block_1_2' title="bbox 333 500 1072 882">
    <p class='ocr_par' dir='ltr' id='par_1_2' title="bbox 334 500 1072 584">
     <span class='ocr_line' id='line_1_2' title="bbox 334 500 1072 584; baseline 0 -18"><span class='ocrx_word' id='word_1_3' title='bbox 334 500 440 566; x_wconf 78' lang='lat' dir='ltr'><strong>Multa</strong></span> <span class='ocrx_word' id='word_1_4' title='bbox 454 500 630 565; x_wconf 75' lang='lat' dir='ltr'><strong>Dircaeum</strong></span> <span class='ocrx_word' id='word_1_5' title='bbox 644 500 732 565; x_wconf 78' lang='lat' dir='ltr'><strong>levet</strong></span> <span class='ocrx_word' id='word_1_6' title='bbox 745 520 827 566; x_wconf 80' lang='lat' dir='ltr'><strong>etue</strong></span> <span class='ocrx_word' id='word_1_7' title='bbox 839 520 993 584; x_wconf 81' lang='lat' dir='ltr'><strong>cycnum,</strong></span> <span class='ocrx_word' id='word_1_8' title='bbox 1069 522 1072 527; x_wconf 59' lang='lat'>‘</span> 
     </span>
    </p>

    <p class='ocr_par' dir='ltr' id='par_1_3' title="bbox 333 600 897 682">
     <span class='ocr_line' id='line_1_3' title="bbox 333 600 897 682; baseline -0.004 -16"><span class='ocrx_word' id='word_1_9' title='bbox 333 600 465 680; x_wconf 77' lang='lat' dir='ltr'>Tendit,</span> <span class='ocrx_word' id='word_1_10' title='bbox 480 601 610 680; x_wconf 84' lang='lat' dir='ltr'>Antoni,</span> <span class='ocrx_word' id='word_1_11' title='bbox 624 601 752 682; x_wconf 87' lang='lat' dir='ltr'><strong>quoties</strong></span> <span class='ocrx_word' id='word_1_12' title='bbox 765 601 801 665; x_wconf 90' lang='lat' dir='ltr'><strong>in</strong></span> <span class='ocrx_word' id='word_1_13' title='bbox 815 601 897 664; x_wconf 85' lang='lat' dir='ltr'><strong>altos</strong></span> 
     </span>
    </p>

    <p class='ocr_par' dir='ltr' id='par_1_4' title="bbox 334 699 994 882">
     <span class='ocr_line' id='line_1_4' title="bbox 334 699 994 783; baseline -0.003 -18"><span class='ocrx_word' id='word_1_14' title='bbox 334 700 481 765; x_wconf 91' lang='lat' dir='ltr'><strong>Nubium</strong></span> <span class='ocrx_word' id='word_1_15' title='bbox 495 709 625 763; x_wconf 82' lang='lat' dir='ltr'><strong>tractus.</strong></span> <span class='ocrx_word' id='word_1_16' title='bbox 668 699 750 783; x_wconf 81' lang='lat' dir='ltr'><strong>Ego,</strong></span> <span class='ocrx_word' id='word_1_17' title='bbox 766 700 836 783; x_wconf 80' lang='lat' dir='ltr'><strong>epis</strong></span> <span class='ocrx_word' id='word_1_18' title='bbox 851 700 994 764; x_wconf 76' lang='lat' dir='ltr'><strong>Mutinae</strong></span> 
     </span>
     <span class='ocr_line' id='line_1_5' title="bbox 415 798 690 882; baseline -0.011 -18"><span class='ocrx_word' id='word_1_19' title='bbox 415 798 506 864; x_wconf 83' lang='lat' dir='ltr'><strong>More</strong></span> <span class='ocrx_word' id='word_1_20' title='bbox 520 798 690 882; x_wconf 83' lang='lat' dir='ltr'>modoque,</span> 
     </span>
    </p>
   </div>
   <div class='ocr_carea' id='block_1_3' title="bbox 335 995 965 1374">
    <p class='ocr_par' dir='ltr' id='par_1_5' title="bbox 335 995 965 1079">
     <span class='ocr_line' id='line_1_6' title="bbox 335 995 965 1079; baseline 0 -19"><span class='ocrx_word' id='word_1_21' title='bbox 335 998 434 1060; x_wconf 77' lang='lat' dir='ltr'><strong>Grato</strong></span> <span class='ocrx_word' id='word_1_22' title='bbox 447 996 607 1079; x_wconf 77' lang='lat' dir='ltr'><strong>carpentis</strong></span> <span class='ocrx_word' id='word_1_23' title='bbox 622 995 739 1078; x_wconf 80' lang='lat' dir='ltr'><strong>thyma</strong></span> <span class='ocrx_word' id='word_1_24' title='bbox 753 1014 809 1079; x_wconf 87' lang='lat' dir='ltr'><strong>per</strong></span> <span class='ocrx_word' id='word_1_25' title='bbox 822 995 965 1060; x_wconf 81' lang='lat' dir='ltr'><strong>laborem</strong></span> 
     </span>
    </p>

    <p class='ocr_par' dir='ltr' id='par_1_6' title="bbox 335 1092 926 1177">
     <span class='ocr_line' id='line_1_7' title="bbox 335 1092 926 1177; baseline -0.002 -19"><span class='ocrx_word' id='word_1_26' title='bbox 335 1094 524 1174; x_wconf 82' lang='lat' dir='ltr'><strong>Plurimum,</strong></span> <span class='ocrx_word' id='word_1_27' title='bbox 539 1094 625 1157; x_wconf 80' lang='lat' dir='ltr'><strong>eirca</strong></span> <span class='ocrx_word' id='word_1_28' title='bbox 639 1112 757 1158; x_wconf 89' lang='lat' dir='ltr'><strong>nemus</strong></span> <span class='ocrx_word' id='word_1_29' title='bbox 771 1092 926 1177; x_wconf 85' lang='lat' dir='ltr'><strong>uvidique</strong></span> 
     </span>
    </p>

    <p class='ocr_par' dir='ltr' id='par_1_7' title="bbox 335 1193 850 1374">
     <span class='ocr_line' id='line_1_8' title="bbox 335 1193 850 1275; baseline -0.002 -18"><span class='ocrx_word' id='word_1_30' title='bbox 335 1193 468 1257; x_wconf 80' lang='lat' dir='ltr'><strong>Tiburis</strong></span> <span class='ocrx_word' id='word_1_31' title='bbox 482 1193 568 1275; x_wconf 85' lang='lat' dir='ltr'><strong>ripas</strong></span> <span class='ocrx_word' id='word_1_32' title='bbox 582 1211 716 1275; x_wconf 82' lang='lat' dir='ltr'><strong>operosa</strong></span> <span class='ocrx_word' id='word_1_33' title='bbox 728 1211 850 1275; x_wconf 84' lang='lat' dir='ltr'><strong>pervus</strong></span> 
     </span>
     <span class='ocr_line' id='line_1_9' title="bbox 418 1290 682 1374; baseline -0.008 -18"><span class='ocrx_word' id='word_1_34' title='bbox 418 1291 572 1356; x_wconf 80' lang='lat' dir='ltr'><strong>Carmine</strong></span> <span class='ocrx_word' id='word_1_35' title='bbox 585 1290 682 1374; x_wconf 80' lang='lat' dir='ltr'>fingo.</span> 
     </span>
    </p>
   </div>
   <div class='ocr_carea' id='block_1_4' title="bbox 335 1487 981 1867">
    <p class='ocr_par' dir='ltr' id='par_1_8' title="bbox 335 1487 868 1572">
     <span class='ocr_line' id='line_1_10' title="bbox 335 1487 868 1572; baseline -0.004 -20"><span class='ocrx_word' id='word_1_36' title='bbox 335 1489 493 1553; x_wconf 85' lang='lat' dir='ltr'><strong>Conciues</strong></span> <span class='ocrx_word' id='word_1_37' title='bbox 507 1489 627 1572; x_wconf 81' lang='lat' dir='ltr'><strong>majore</strong></span> <span class='ocrx_word' id='word_1_38' title='bbox 641 1497 736 1571; x_wconf 86' lang='lat' dir='ltr'><strong>poete</strong></span> <span class='ocrx_word' id='word_1_39' title='bbox 749 1487 868 1570; x_wconf 83' lang='lat' dir='ltr'><strong>plectro</strong></span> 
     </span>
    </p>

    <p class='ocr_par' dir='ltr' id='par_1_9' title="bbox 335 1586 981 1670">
     <span class='ocr_line' id='line_1_11' title="bbox 335 1586 981 1670; baseline -0.002 -19"><span class='ocrx_word' id='word_1_40' title='bbox 335 1588 515 1668; x_wconf 78' lang='lat' dir='ltr'><strong>Caesarem,</strong></span> <span class='ocrx_word' id='word_1_41' title='bbox 530 1587 726 1670; x_wconf 79' lang='lat' dir='ltr'><strong>quandoque</strong></span> <span class='ocrx_word' id='word_1_42' title='bbox 741 1586 846 1650; x_wconf 81' lang='lat' dir='ltr'><strong>trahet</strong></span> <span class='ocrx_word' id='word_1_43' title='bbox 859 1586 981 1651; x_wconf 84' lang='lat' dir='ltr'><strong>feroces</strong></span> 
     </span>
    </p>

    <p class='ocr_par' dir='ltr' id='par_1_10' title="bbox 335 1685 961 1867">
     <span class='ocr_line' id='line_1_12' title="bbox 335 1685 961 1766; baseline 0 -17"><span class='ocrx_word' id='word_1_44' title='bbox 335 1687 395 1750; x_wconf 76' lang='lat' dir='ltr'><strong>l‘er</strong></span> <span class='ocrx_word' id='word_1_45' title='bbox 408 1705 539 1750; x_wconf 81' lang='lat' dir='ltr'><strong>sacrum</strong></span> <span class='ocrx_word' id='word_1_46' title='bbox 552 1686 683 1766; x_wconf 85' lang='lat' dir='ltr'><strong>clivum,</strong></span> <span class='ocrx_word' id='word_1_47' title='bbox 700 1686 813 1751; x_wconf 84' lang='lat' dir='ltr'><strong>merite</strong></span> <span class='ocrx_word' id='word_1_48' title='bbox 826 1685 961 1750; x_wconf 88' lang='lat' dir='ltr'><strong>decorus</strong></span> 
     </span>
     <span class='ocr_line' id='line_1_13' title="bbox 417 1785 787 1867; baseline -0.005 -18"><span class='ocrx_word' id='word_1_49' title='bbox 417 1785 555 1865; x_wconf 85' lang='lat' dir='ltr'><strong>Fronde,</strong></span> <span class='ocrx_word' id='word_1_50' title='bbox 570 1785 787 1867; x_wconf 78' lang='lat' dir='ltr'><strong>Sygambros:</strong></span> 
     </span>
    </p>
   </div>
   <div class='ocr_carea' id='block_1_5' title="bbox 335 1980 906 2163">
    <p class='ocr_par' dir='ltr' id='par_1_11' title="bbox 335 1980 906 2163">
     <span class='ocr_line' id='line_1_14' title="bbox 335 1980 906 2065; baseline -0.005 -19"><span class='ocrx_word' id='word_1_51' title='bbox 335 1983 413 2054; x_wconf 79' lang='lat' dir='ltr'><strong>Quo</strong></span> <span class='ocrx_word' id='word_1_52' title='bbox 426 1982 509 2046; x_wconf 90' lang='lat' dir='ltr'><strong>nihil</strong></span> <span class='ocrx_word' id='word_1_53' title='bbox 524 1983 629 2065; x_wconf 81' lang='lat' dir='ltr'><strong>majus</strong></span> <span class='ocrx_word' id='word_1_54' title='bbox 644 1980 803 2045; x_wconf 79' lang='lat' dir='ltr'><strong>meliusve</strong></span> <span class='ocrx_word' id='word_1_55' title='bbox 817 1981 906 2044; x_wconf 84' lang='lat' dir='ltr'><strong>terris</strong></span> 
     </span>
     <span class='ocr_line' id='line_1_15' title="bbox 337 2078 840 2163; baseline -0.006 -18"><span class='ocrx_word' id='word_1_56' title='bbox 337 2082 420 2145; x_wconf 80' lang='lat' dir='ltr'><strong>Fato</strong></span> <span class='ocrx_word' id='word_1_57' title='bbox 433 2080 594 2144; x_wconf 82' lang='lat' dir='ltr'><strong>donavere</strong></span> <span class='ocrx_word' id='word_1_58' title='bbox 608 2081 749 2163; x_wconf 89' lang='lat' dir='ltr'><strong>bonique</strong></span> <span class='ocrx_word' id='word_1_59' title='bbox 764 2078 840 2159; x_wconf 86' lang='lat' dir='ltr'><strong>divi,</strong></span> 
     </span>
    </p>
   </div>
   <div class='ocr_carea' id='block_1_6' title="bbox 335 2178 1182 2361">
    <p class='ocr_par' dir='ltr' id='par_1_12' title="bbox 335 2178 1182 2361">
     <span class='ocr_line' id='line_1_16' title="bbox 335 2178 1046 2265; baseline -0.003 -21"><span class='ocrx_word' id='word_1_60' title='bbox 335 2180 403 2244; x_wconf 90' lang='lat' dir='ltr'><strong>Nec</strong></span> <span class='ocrx_word' id='word_1_61' title='bbox 416 2179 552 2259; x_wconf 78' lang='lat' dir='ltr'><strong>debunt,</strong></span> <span class='ocrx_word' id='word_1_62' title='bbox 566 2179 719 2265; x_wconf 70' lang='lat' dir='ltr'><strong>quemvis</strong></span> <span class='ocrx_word' id='word_1_63' title='bbox 733 2178 865 2242; x_wconf 85' lang='lat' dir='ltr'><strong>redeant</strong></span> <span class='ocrx_word' id='word_1_64' title='bbox 879 2178 912 2242; x_wconf 91' lang='lat' dir='ltr'><strong>in</strong></span> <span class='ocrx_word' id='word_1_65' title='bbox 927 2196 1046 2242; x_wconf 82' lang='lat' dir='ltr'><strong>eurum</strong></span> 
     </span>
     <span class='ocr_line' id='line_1_17' title="bbox 416 2275 1182 2361; baseline -0.001 -19"><span class='ocrx_word' id='word_1_66' title='bbox 416 2279 580 2361; x_wconf 84' lang='lat' dir='ltr'><strong>Tempore</strong></span> <span class='ocrx_word' id='word_1_67' title='bbox 593 2279 745 2361; x_wconf 89' lang='lat' dir='ltr'><strong>priscum.</strong></span> <span class='ocrx_word' id='word_1_68' title='bbox 1140 2275 1182 2341; x_wconf 80' lang='lat' dir='ltr'><strong>dd</strong></span> 
     </span>
    </p>
   </div>
   <div class='ocr_carea' id='block_1_7' title="bbox 335 2473 943 2835">
    <p class='ocr_par' dir='ltr' id='par_1_13' title="bbox 335 2473 913 2557">
     <span class='ocr_line' id='line_1_18' title="bbox 335 2473 913 2557; baseline -0.002 -19"><span class='ocrx_word' id='word_1_69' title='bbox 335 2475 493 2538; x_wconf 83' lang='lat' dir='ltr'><strong>Concines</strong></span> <span class='ocrx_word' id='word_1_70' title='bbox 507 2474 672 2557; x_wconf 79' lang='lat' dir='ltr'><strong>laetosque</strong></span> <span class='ocrx_word' id='word_1_71' title='bbox 687 2473 757 2538; x_wconf 88' lang='lat' dir='ltr'><strong>dies</strong></span> <span class='ocrx_word' id='word_1_72' title='bbox 771 2484 803 2538; x_wconf 89' lang='lat' dir='ltr'><strong>et</strong></span> <span class='ocrx_word' id='word_1_73' title='bbox 816 2474 913 2538; x_wconf 88' lang='lat' dir='ltr'><strong>Urbis</strong></span> 
     </span>
    </p>

    <p class='ocr_par' dir='ltr' id='par_1_14' title="bbox 336 2572 943 2655">
     <span class='ocr_line' id='line_1_19' title="bbox 336 2572 943 2655; baseline -0.002 -19"><span class='ocrx_word' id='word_1_74' title='bbox 336 2572 509 2639; x_wconf 85' lang='lat' dir='ltr'><strong>Publicum</strong></span> <span class='ocrx_word' id='word_1_75' title='bbox 523 2572 648 2653; x_wconf 90' lang='lat' dir='ltr'><strong>ludum,</strong></span> <span class='ocrx_word' id='word_1_76' title='bbox 664 2592 760 2655; x_wconf 87' lang='lat' dir='ltr'><strong>super</strong></span> <span class='ocrx_word' id='word_1_77' title='bbox 775 2573 943 2655; x_wconf 80' lang='lat' dir='ltr'><strong>impetrato</strong></span> 
     </span>
    </p>

    <p class='ocr_par' dir='ltr' id='par_1_15' title="bbox 337 2671 907 2835">
     <span class='ocr_line' id='line_1_20' title="bbox 337 2671 907 2754; baseline -0.002 -19"><span class='ocrx_word' id='word_1_78' title='bbox 337 2672 440 2735; x_wconf 77' lang='lat' dir='ltr'><strong>Fortis</strong></span> <span class='ocrx_word' id='word_1_79' title='bbox 454 2673 596 2754; x_wconf 80' lang='lat' dir='ltr'><strong>Augusti</strong></span> <span class='ocrx_word' id='word_1_80' title='bbox 610 2671 723 2754; x_wconf 84' lang='lat' dir='ltr'><strong>reditu,</strong></span> <span class='ocrx_word' id='word_1_81' title='bbox 739 2671 907 2754; x_wconf 87' lang='lat' dir='ltr'><strong>ferumque</strong></span> 
     </span>
     <span class='ocr_line' id='line_1_21' title="bbox 417 2771 682 2835; baseline 0 0"><span class='ocrx_word' id='word_1_82' title='bbox 417 2771 546 2835; x_wconf 85' lang='lat' dir='ltr'><strong>Litibus</strong></span> <span class='ocrx_word' id='word_1_83' title='bbox 560 2772 682 2835; x_wconf 89' lang='lat' dir='ltr'><strong>orbum.</strong></span> 
     </span>
    </p>
   </div>
   <div class='ocr_carea' id='block_1_8' title="bbox 336 2979 1182 3343">
    <p class='ocr_par' dir='ltr' id='par_1_16' title="bbox 336 2979 1182 3262">
     <span class='ocr_line' id='line_1_22' title="bbox 336 2979 1182 3066; baseline -0.005 -19"><span class='ocrx_word' id='word_1_84' title='bbox 336 2982 428 3046; x_wconf 82' lang='lat' dir='ltr'><strong>Tum</strong></span> <span class='ocrx_word' id='word_1_85' title='bbox 442 3002 543 3062; x_wconf 83' lang='lat' dir='ltr'><strong>meae,</strong></span> <span class='ocrx_word' id='word_1_86' title='bbox 559 2984 587 3046; x_wconf 85' lang='lat' dir='ltr'><strong>si</strong></span> <span class='ocrx_word' id='word_1_87' title='bbox 601 2983 680 3066; x_wconf 92' lang='lat' dir='ltr'><strong>quid</strong></span> <span class='ocrx_word' id='word_1_88' title='bbox 694 2983 808 3065; x_wconf 88' lang='lat' dir='ltr'><strong>loquar</strong></span> <span class='ocrx_word' id='word_1_89' title='bbox 822 2980 1031 3061; x_wconf 87' lang='lat' dir='ltr'><strong>audiendum,</strong></span> <span class='ocrx_word' id='word_1_90' title='bbox 1139 2979 1182 3044; x_wconf 77' lang='lat'><strong>45</strong></span> 
     </span>
     <span class='ocr_line' id='line_1_23' title="bbox 338 3081 935 3165; baseline -0.002 -20"><span class='ocrx_word' id='word_1_91' title='bbox 338 3081 432 3146; x_wconf 86' lang='lat' dir='ltr'><strong>Vocis</strong></span> <span class='ocrx_word' id='word_1_92' title='bbox 447 3081 579 3145; x_wconf 83' lang='lat' dir='ltr'><strong>accedet</strong></span> <span class='ocrx_word' id='word_1_93' title='bbox 592 3083 678 3145; x_wconf 86' lang='lat' dir='ltr'><strong>bona</strong></span> <span class='ocrx_word' id='word_1_94' title='bbox 691 3100 774 3165; x_wconf 84' lang='lat' dir='ltr'><strong>pars,</strong></span> <span class='ocrx_word' id='word_1_95' title='bbox 790 3092 830 3161; x_wconf 90' lang='lat' dir='ltr'><strong>et,</strong></span> <span class='ocrx_word' id='word_1_96' title='bbox 845 3101 864 3144; x_wconf 93' lang='lat' dir='ltr'>o</span> <span class='ocrx_word' id='word_1_97' title='bbox 879 3081 935 3146; x_wconf 87' lang='lat' dir='ltr'><strong>Sel</strong></span> 
     </span>
     <span class='ocr_line' id='line_1_24' title="bbox 339 3180 1007 3262; baseline -0.001 -18"><span class='ocrx_word' id='word_1_98' title='bbox 339 3180 486 3260; x_wconf 87' lang='lat' dir='ltr'><strong>Pulcher,</strong></span> <span class='ocrx_word' id='word_1_99' title='bbox 501 3200 521 3243; x_wconf 94' lang='lat' dir='ltr'>o</span> <span class='ocrx_word' id='word_1_100' title='bbox 536 3181 718 3245; x_wconf 80' lang='lat' dir='ltr'><strong>laudande!</strong></span> <span class='ocrx_word' id='word_1_101' title='bbox 741 3200 868 3259; x_wconf 85' lang='lat' dir='ltr'><strong>canam,</strong></span> <span class='ocrx_word' id='word_1_102' title='bbox 883 3189 1007 3262; x_wconf 86' lang='lat' dir='ltr'><strong>recepto</strong></span> 
     </span>
    </p>

    <p class='ocr_par' dir='ltr' id='par_1_17' title="bbox 421 3278 661 3343">
     <span class='ocr_line' id='line_1_25' title="bbox 421 3278 661 3343; baseline 0 0"><span class='ocrx_word' id='word_1_103' title='bbox 421 3280 559 3343; x_wconf 80' lang='lat' dir='ltr'><strong>Caesam</strong></span> <span class='ocrx_word' id='word_1_104' title='bbox 572 3278 661 3343; x_wconf 80' lang='lat' dir='ltr'><strong>felix.</strong></span> 
     </span>
    </p>
   </div>
   <div class='ocr_carea' id='block_1_9' title="bbox 340 3487 972 3574">
    <p class='ocr_par' dir='ltr' id='par_1_18' title="bbox 340 3487 972 3574">
     <span class='ocr_line' id='line_1_26' title="bbox 340 3487 972 3574; baseline -0.003 -21"><span class='ocrx_word' id='word_1_105' title='bbox 340 3489 464 3571; x_wconf 80' lang='lat' dir='ltr'><strong>Teque,</strong></span> <span class='ocrx_word' id='word_1_106' title='bbox 479 3490 560 3555; x_wconf 90' lang='lat' dir='ltr'><strong>dum</strong></span> <span class='ocrx_word' id='word_1_107' title='bbox 574 3490 727 3574; x_wconf 85' lang='lat' dir='ltr'><strong>procedis,</strong></span> <span class='ocrx_word' id='word_1_108' title='bbox 741 3490 778 3554; x_wconf 92' lang='lat'><strong>10</strong></span> <span class='ocrx_word' id='word_1_109' title='bbox 793 3487 972 3570; x_wconf 86' lang='lat' dir='ltr'><strong>triumphe!</strong></span> 
     </span>
    </p>
   </div>
   <div class='ocr_carea' id='block_1_10' title="bbox 340 3587 1312 3671">
    <p class='ocr_par' dir='ltr' id='par_1_19' title="bbox 340 3587 1312 3671">
     <span class='ocr_line' id='line_1_27' title="bbox 340 3587 1312 3671; baseline 0.002 -21"><span class='ocrx_word' id='word_1_110' title='bbox 340 3587 415 3651; x_wconf 91' lang='lat' dir='ltr'><strong>Non</strong></span> <span class='ocrx_word' id='word_1_111' title='bbox 430 3588 529 3653; x_wconf 88' lang='lat' dir='ltr'><strong>semel</strong></span> <span class='ocrx_word' id='word_1_112' title='bbox 544 3589 698 3670; x_wconf 85' lang='lat' dir='ltr'><strong>dicemus,</strong></span> <span class='ocrx_word' id='word_1_113' title='bbox 714 3590 751 3653; x_wconf 91' lang='lat' dir='ltr'><strong>Io</strong></span> <span class='ocrx_word' id='word_1_114' title='bbox 766 3587 945 3671; x_wconf 82' lang='lat' dir='ltr'><strong>triumphe!</strong></span> <span class='ocrx_word' id='word_1_115' title='bbox 1143 3587 1186 3652; x_wconf 80' lang='lat'><strong>50</strong></span> <span class='ocrx_word' id='word_1_116' title='bbox 1309 3622 1312 3627; x_wconf 92' lang='lat'>·</span> 
     </span>
    </p>
   </div>
   <div class='ocr_carea' id='block_1_11' title="bbox 337 3800 1022 3866">
    <p class='ocr_par' dir='ltr' id='par_1_20' title="bbox 337 3800 1022 3866">
     <span class='ocr_line' id='line_1_28' title="bbox 337 3800 1022 3866; baseline 0.004 -16"><span class='ocrx_word' id='word_1_117' title='bbox 337 3802 365 3850; x_wconf 91' lang='lat' dir='ltr'><strong>c.</strong></span> <span class='ocrx_word' id='word_1_118' title='bbox 377 3802 403 3851; x_wconf 74' lang='lat' dir='ltr'><strong>u</strong></span> <span class='ocrx_word' id='word_1_119' title='bbox 414 3801 455 3853; x_wconf 78' lang='lat' dir='ltr'><strong>o.</strong></span> <span class='ocrx_word' id='word_1_120' title='bbox 472 3800 693 3866; x_wconf 47' lang='lat' dir='ltr'><strong>maeque,</strong></span> <span class='ocrx_word' id='word_1_121' title='bbox 703 3802 760 3853; x_wconf 75' lang='lat' dir='ltr'><strong>eum</strong></span> <span class='ocrx_word' id='word_1_122' title='bbox 772 3802 893 3864; x_wconf 61' lang='lat' dir='ltr'><strong>mm</strong></span> <span class='ocrx_word' id='word_1_123' title='bbox 905 3801 1022 3853; x_wconf 69' lang='grc' dir='ltr'><strong>οηιιεω.</strong></span> 
     </span>
    </p>
   </div>
   <div class='ocr_carea' id='block_1_12' title="bbox 0 0 1433 4342">
    <p class='ocr_par' dir='ltr' id='par_1_21' title="bbox 0 0 1433 4342">
     <span class='ocr_line' id='line_1_29' title="bbox 0 0 1433 4342; baseline 0 0"><span class='ocrx_word' id='word_1_124' title='bbox 0 0 1433 4342; x_wconf 95' lang='lat' dir='ltr'><strong> </strong></span> 
     </span>
    </p>
   </div>
  </div>
 </body>
</html>
