2842 4342
483 326 671 376 nrnnarrr
721 324 913 377 uxxvnr
1132 300 1201 381 10'1
1298 386 1303 395 ,

357 483 489 549 Terruit
502 500 650 546 mannos.
692 481 765 565 Ego
778 483 834 545 oui
848 481 975 561 timebo,

440 581 599 646 Providus
613 599 748 663 auspex,

360 780 546 861 Antequam
560 786 682 841 stantes
697 787 820 860 repetat
832 776 970 861 paludes

360 878 517 942 Imbrium
530 875 729 940 divinaavis
744 876 981 957 imminentllrn,
1166 877 1207 941 10

360 977 513 1041 Oscineur
527 994 662 1039 corvum
675 995 770 1058 prece
784 975 947 1040 suscitabo

444 1074 529 1140 Solis
543 1075 585 1138 ab
599 1084 680 1139 ortu.

360 1271 414 1336 Sis
427 1270 501 1335 lieet
515 1270 603 1351 felix,
619 1271 806 1354 ubicunque
820 1272 935 1354 mavis,

361 1370 406 1434 Et
419 1388 542 1433 memor
555 1370 663 1451 nostri,
679 1369 824 1451 Galatea,
839 1372 942 1453 rivus,

361 1470 477 1552 Teque
492 1487 553 1533 neo
567 1470 681 1532 laevus
695 1470 948 1554 vetetirepious
1169 1471 1209 1535 15

444 1568 514 1632 Neo
528 1588 614 1652 vaga
626 1569 748 1632 cornix.

362 1765 428 1832 Sed
441 1764 542 1846 vides,
557 1778 679 1848 quanto
694 1766 828 1850 trepidet
842 1766 986 1831 tumultu

362 1865 487 1929 Pronus
502 1864 610 1929 Orion.
653 1866 727 1949 Ego
740 1865 821 1950 quid
834 1867 876 1930 sit
890 1875 959 1929 ater

363 1963 503 2027 Hadriae
517 1965 593 2027 novi
608 1964 708 2045 sinus,
724 1964 850 2048 etquid
864 1965 959 2030 albus

447 2063 562 2127 Peooet
576 2063 694 2146 Iapyx.
1168 2062 1211 2127 20

363 2258 514 2324 Hostium
528 2279 646 2324 uxores
660 2262 816 2346 puerique
830 2281 943 2327 oaeoos

363 2363 512 2428 Sentiant
525 2372 633 2427 motus
647 2363 776 2427 orientis
790 2363 909 2444 Austri,
924 2372 957 2426 et

361 2461 520 2545 Aequoris
533 2461 617 2544 nigri
631 2460 804 2542 fremitum,
819 2471 851 2525 et
864 2469 1036 2526 trementes

447 2560 583 2624 Verbere
598 2561 692 2644 ripas.

362 2757 416 2822 Sia
430 2768 463 2821 et
475 2757 606 2839 Europe
621 2757 755 2820 niveum
768 2756 878 2820 doloso
1165 2754 1210 2818 25

364 2854 507 2919 Credidit
520 2866 614 2919 tauro
628 2855 723 2936 latus,
739 2865 771 2918 et
786 2865 963 2919 scatentem

362 2953 486 3017 Belluis
499 2964 636 3037 pontum
650 2953 838 3036 mediasque
851 2952 981 3018 fraudes

445 3052 568 3117 Palluit
582 3051 701 3116 audax.

363 3232 475 3317 Nuper
489 3235 524 3297 in
538 3234 638 3318 pratis
652 3233 797 3297 studiosa
811 3232 928 3296 florum
941 3242 975 3296 et

365 3331 500 3409 Debitae
514 3333 679 3417 Nymphis
693 3332 801 3416 opifex
815 3351 958 3411 coronae,
1168 3330 1211 3396 30

363 3430 464 3495 Nocte
479 3433 635 3497 sublustri
648 3432 730 3495 nihil
746 3442 832 3495 astra
844 3440 968 3514 praeter

447 3531 537 3595 Vidit
550 3541 583 3595 et
597 3530 711 3596 undas.

260 3712 286 3763 r.
303 3714 460 3775 munem
477 3715 742 3781 &oqui-mxi
799 3716 837 3765 rs.
854 3698 927 3765 nist.
979 3716 1017 3765 rr.
1033 3711 1144 3776 musar

392 3795 432 3845 22
448 3798 515 3847 utri
581 3793 675 3854 Md.
692 3796 817 3846 trementis
826 3795 931 3848 Verbera
940 3797 1016 3859 ripae·
