2842 4342
712 365 912 417 ommuni

645 664 826 727 GARMEN
853 663 991 727 xxm

475 853 490 881 ⁴⁸
512 863 570 908 nn
604 862 822 906 sonnnns
855 861 1125 909 couvrvns.

460 1029 556 1120 Natis'
568 1055 603 1117 in
617 1036 869 1117 usum'laetitiae
884 1053 1016 1136 scyphis
1028 1042 1033 1087 ¹

459 1153 609 1236 Pugnare
623 1152 795 1216 Thracum
808 1162 877 1215 est:
900 1152 1000 1216 tollite
1014 1154 1186 1218 barbarum

501 1232 635 1331 Morem‚'
648 1244 933 1334 verebundumque
947 1248 1114 1318 &ochum
1130 1244 1133 1257 '

543 1341 739 1435 Sanguine'is
752 1340 920 1433 prohibete
931 1349 1025 1414 rixis

459 1550 543 1615 Vino
557 1559 589 1613 et
603 1548 743 1612 lueernis
757 1546 875 1610 Medus
889 1549 1040 1612 acinaces
1304 1550 1327 1613 ὅ

460 1650 608 1715 Immane
622 1656 785 1731 quantum
798 1645 978 1730 discrepat;
1001 1647 1138 1730 impium

502 1746 616 1815 Lanita
629 1747 811 1825 clamorem,
827 1744 962 1825 sodales,

545 1848 591 1913 Et
603 1846 713 1912 cubita
728 1854 889 1909 remanete
903 1864 1020 1928 presso.

460 2047 566 2112 Vultis
580 2047 683 2110 severi
696 2064 750 2108 ma
764 2061 894 2126 quoque
908 2062 1035 2107 sumere

461 2146 592 2211 Partem
605 2144 763 2209 Falernis
806 2145 903 2209 Dieat
917 2143 1080 2226 Opuntiae
1284 2141 1326 2207 10

503 2245 616 2309 Frater
630 2243 791 2326 Megillae
805 2262 872 2326 quo
885 2244 1000 2308 beatus

544 2342 693 2424 Vulnere,
708 2362 776 2426 qua
790 2354 898 2426 pereat
912 2344 1038 2428 sagitta

460 2544 576 2608 Cessat
589 2540 767 2606 voluntas?
810 2542 885 2607 Non
899 2542 966 2607 elia
978 2542 1089 2606 bibam

460 2640 617 2707 Mercede.
660 2641 760 2711 Quae
775 2650 806 2703 te
820 2660 950 2724 cunque
964 2640 1076 2705 domat
1089 2640 1208 2717 Venus,

501 2741 576 2807 Non
590 2741 816 2807 erubescendis
830 2741 937 2806 adurit
1285 2737 1324 2801 15

543 2841 689 2926 Ignibus,
705 2842 911 2926 ingenuoque
926 2859 1051 2924 semper

460 3041 578 3103 Amore
592 3056 717 3119 peccas.
761 3037 934 3118 Quidquid
947 3036 1057 3115 habes,
1072 3055 1142 3118 age,

462 3137 595 3220 Depone
611 3136 689 3199 tutis
702 3135 845 3197 auribus.
889 3134 943 3196 Ah
957 3133 1054 3196 miser
1066 3132 1074 3195 1

503 3236 640 3306 Quanta
654 3232 822 3297 laborabas
837 3228 1012 3312 Charybdi,

547 3333 653 3415 Digne
667 3350 747 3414 puer
760 3329 890 3393 meliore
904 3327 1058 3392 flamma!
1246 3382 1251 3391 .
1284 3328 1325 3393 20

463 3531 561 3601 Quae
575 3547 663 3612 saga,
679 3530 754 3613 quis
768 3539 800 3594 te
814 3528 937 3593 solvere
951 3527 1124 3593 'l’hessalis

464 3629 583 3712 Magus
612 3630 755 3718 venenis,
779 3631 853 3713 quis
867 3630 981 3713 poterit
994 3627 1077 3693 deus
1088 3628 1104 3691 1

458 3827 488 3880 0.
499 3830 573 3880 mii.
587 3829 626 3880 18.
643 3828 760 3892 voluptas
861 3828 899 3878 19.
916 3827 1012 3879 iabores
1021 3826 1048 3875 in
1059 3822 1192 3886 Charybdi.
