2842 4342
499 328 659 379 amana
707 328 842 383 arm.
1109 311 1179 386 let

159 487 260 552 Hunc
273 504 399 549 vexare
413 484 530 565 locum,
544 504 642 549 curae
656 494 735 549 sunt
749 495 846 568 atque
860 485 969 568 labori,

159 588 338 657 Quantum
351 585 550 649 culminibus
564 604 649 667 quae
663 596 795 649 versant
809 596 907 668 atque
920 587 1054 652 venenis
1139 658 1151 683 ⁹

160 687 336 751 Humanos
350 686 496 749 animos:
518 683 976 768 hasnulloperderepossum
1137 686 1180 752 20

161 787 233 852 Nec
246 786 412 870 prohibere
426 783 531 865 modo,
547 784 645 848 simul
660 804 700 848 ac
715 804 801 868 vaga
816 785 896 849 lrma
910 785 1061 851 decorum

163 886 300 950 Protulit
314 904 360 964 os,
374 884 455 967 quin
469 903 544 947 ossa
557 883 669 967 legant
683 884 864 967 herbasque
877 896 1040 950 nocentes.

162 985 239 1049 Vidi
253 995 379 1068 egomet
392 984 486 1067 nigra
499 983 700 1047 succinctam
713 983 832 1048 vadere
846 984 934 1067 palla

162 1085 340 1149 Canidiam
353 1083 489 1167 pedibus
504 1083 602 1147 nudis
616 1103 777 1167 passoque
791 1084 916 1167 capillo,

162 1185 253 1247 Cum
266 1184 398 1267 Sagana
412 1185 530 1268 majore
545 1183 746 1267 ululantem;
769 1184 872 1268 pallor
885 1195 1038 1269 utrasque
1138 1187 1180 1251 25

163 1286 301 1348 Fecerat
314 1282 488 1347 horrendas
503 1282 668 1367 adspectu.
711 1284 861 1367 Scalpere
876 1294 992 1349 terram

162 1384 338 1467 Unguibus
351 1395 384 1447 et
396 1383 523 1466 pullam
536 1382 688 1447 divellere
702 1382 864 1448 mordicus
878 1403 998 1467 agnam

163 1485 363 1567 Coeperunt:
385 1503 479 1547 cruor
493 1485 527 1547 in
541 1483 663 1547 fossam
677 1482 842 1564 confusus,
857 1493 895 1547 ut
908 1484 983 1548 inde

164 1583 282 1647 Manes
295 1584 445 1647 elicerent
458 1584 586 1647 animas
600 1602 753 1666 responsa
767 1582 908 1647 daturas.

163 1682 549 1766 Laneaeteffigieserat,
565 1682 666 1746 altera
679 1703 791 1747 cerea:
814 1686 915 1769 major
1138 1683 1181 1747 30

164 1782 287 1863 lanea,
302 1802 386 1865 quae
401 1783 512 1865 poenis
525 1793 742 1866 compesceret
756 1782 945 1846 inferiorem.

162 1884 267 1947 Cerea
281 1883 466 1966 suppliciter
480 1883 594 1963 stabat,
610 1883 780 1947 servilibus
795 1892 832 1946 ut
846 1902 930 1964 quae

161 1982 240 2047 Jam
254 1983 391 2066 peritura
407 1982 520 2046 modis.
563 1982 710 2047 Hecaten
723 1992 820 2045 vocat
835 1982 943 2063 altera,
959 2001 1091 2047 saevam

162 2082 274 2148 Altera
289 2082 501 2165 Tisiphonea.
545 2082 716 2166 Serpentes
731 2092 829 2164 atque
844 2081 969 2147 videres

163 2181 549 2262 lnlemasenarecanes,
565 2181 746 2264 lunamque
759 2183 937 2263 rubentem,
1136 2181 1179 2247 35

161 2281 213 2346 Ne
227 2281 308 2346 soret
322 2283 375 2346 his
389 2283 487 2362 tostis,
502 2291 574 2365 post
588 2301 709 2365 magna
724 2282 822 2345 latere
836 2281 1015 2365 sepulchra

162 2382 301 2446 Mentior
315 2393 350 2445 at
364 2383 391 2445 si
405 2381 493 2464 qnid,
509 2379 627 2445 merdis
641 2390 741 2464 caput
755 2381 904 2463 inquiner
917 2380 1000 2445 albis

160 2482 341 2545 eorvorum
355 2494 452 2565 atque
466 2483 501 2546 in
516 2502 568 2546 me
582 2481 693 2545 veniat
707 2482 846 2547 mictum
860 2491 958 2563 atque
972 2490 1123 2544 cacatum

160 2581 272 2645 Julius
286 2593 319 2646 et
331 2581 455 2665 fiagilis
468 2581 616 2645 Pediatia
629 2580 747 2664 furque
761 2581 919 2645 Vorenus.

160 2681 301 2764 Singula
314 2680 396 2765 quid
409 2681 609 2746 memorem?
630 2701 695 2765 quo
710 2692 805 2765 pacto
819 2682 942 2744 alterna
955 2680 1122 2763 loquentes
1136 2677 1179 2741 40

160 2780 304 2846 Umbrae
318 2801 396 2846 cum
410 2782 543 2865 Sagana
556 2792 742 2846 resonarent
756 2783 843 2845 triste
857 2790 889 2844 et
903 2792 1047 2860 acutum,

161 2879 272 2963 thue
287 2880 356 2964 lupi
369 2882 504 2946 barbam
518 2881 628 2945 variae
642 2900 720 2945 cum
735 2881 831 2944 dente
844 2880 996 2944 colubrae

159 2981 354 3046 abdiderint
367 2981 480 3046 furtim
493 2981 593 3063 terris,
609 2991 641 3046 et
655 2982 798 3065 imagine
812 3000 905 3044 cerea

158 3082 294 3166 Largior
307 3082 420 3145 arserit
434 3081 526 3165 ignis,
541 3092 575 3146 et
588 3093 626 3146 ut
639 3100 705 3144 non
721 3081 810 3144 testis
824 3079 949 3143 inultus

157 3182 347 3246 Horrnerim
362 3200 459 3245 voces
474 3182 649 3247 Furiarum
663 3191 695 3244 et
709 3180 796 3244 faeta
810 3180 958 3244 duamm
1135 3177 1177 3242 45

158 3280 255 3364 Nam,
270 3282 414 3365 displosa
428 3292 522 3346 sonat
535 3291 696 3365 quantum
710 3281 828 3361 vesica,
843 3277 966 3362 pepedi,

160 3381 295 3446 Diffissa
308 3392 386 3444 nate
400 3380 503 3459 ficus3
526 3391 561 3445 at
574 3381 650 3445 illae
663 3400 790 3445 currere
805 3380 839 3442 in
854 3376 975 3441 urbem.

158 3454 316 3546 Canidiae
331 3479 453 3563 dentes,
469 3481 573 3546 altum
587 3481 738 3565 Saganae
752 3477 953 3544 caliendrum

321 3713 364 3766 aa.
381 3716 631 3782 mmeramme
696 3717 739 3766 41.
756 3713 1015 3781 reomensem.

575 3796 616 3848 rs.
633 3796 768 3848 onmem.
