2842 4342
535 349 694 401 mnan
744 351 772 403 a
797 351 848 402 ιν.
1121 336 1193 408 183

174 515 262 579 Cum
276 511 392 575 flueret
405 506 596 587 lutulentus,
610 516 681 571 erat
694 506 784 589 quod
797 506 905 571 tollere
919 506 1038 572 vellen:

175 610 335 677 Garnrlm
350 618 448 691 atque
462 608 552 690 piger
565 606 727 671 scribendi
740 606 821 670 ferre
834 606 985 688 laborem,

174 709 345 777 scribendi
358 717 463 788 recte3
485 725 564 770 nam
578 715 615 769 ut
629 705 781 785 multum,
796 705 843 768 nil
857 724 969 769 moror.
1013 707 1109 787 Eece,

176 810 346 893 Criapiuna
360 807 496 871 minimo
508 824 562 870 ma
577 814 748 888 provocat:
772 804 899 887 Accipe,
915 806 943 868 ai
956 806 1016 887 via,

176 908 347 991 Accipiam
360 905 506 986 tabulas3
529 903 623 968 detur
636 904 730 968 nobis
745 903 845 983 locus,
861 904 949 985 hora,
1154 907 1194 970 15

178 1005 360 1086 Custodem
382 1003 561 1083 videamur,
578 1012 649 1066 uter
662 1001 737 1086 plue
752 1003 890 1066 scribere
904 1004 1012 1085 possit

178 1106 224 1169 Di
236 1102 487 1181 benefecerunt,
503 1103 607 1184 inopia
620 1120 673 1164 me
687 1100 840 1183 quodque
853 1102 963 1184 pusilli

178 1205 364 1270 Finxemnt
376 1202 486 1281 animi,
501 1220 573 1264 raro
586 1210 619 1264 et
632 1218 795 1283 perpauca
810 1200 980 1283 loquentia.

177 1304 224 1368 At
237 1313 274 1365 tu
287 1300 459 1364 conoluaaa
472 1299 605 1363 hircinis
619 1299 749 1364 follibus
763 1319 868 1380 amas,

179 1404 293 1485 Usque
306 1400 495 1480 laborantes,
511 1399 592 1463 dnm
606 1399 727 1463 serrum
740 1400 971 1483 molliatignb,
1151 1402 1196 1465 20

179 1502 226 1568 Ut
240 1502 354 1580 mavia,
369 1499 501 1563 imitare.
544 1499 665 1563 Beatm
680 1499 830 1564 Fannius
845 1499 928 1563 ultro

180 1599 307 1664 Delatis
321 1598 428 1680 capsis
442 1609 474 1661 ct
487 1597 647 1680 imagine3
670 1617 749 1661 oum
762 1617 836 1661 mea
850 1618 945 1661 nemo

180 1699 308 1780 Scripta
321 1697 416 1779 legat,
431 1696 531 1779 vulgo
544 1696 675 1760 recitare
690 1696 842 1776 timentis,
857 1698 899 1760 ob
913 1698 1091 1777 herrorem,

180 1795 284 1869 Quod
298 1805 385 1875 aunt,
399 1814 482 1878 quoa
495 1814 598 1879 genua
612 1795 674 1859 boc
688 1795 823 1859 minime
832 1796 936 1879 juvat,
951 1806 1061 1879 utpote
1075 1796 1183 1879 plures

180 1897 316 1981 Culpari
329 1895 453 1980 dignor„
496 1896 658 1966 Quemvis
671 1895 782 1960 media
795 1914 871 1958 erue
886 1896 998 1979 turba;
1154 1897 1197 1961 25

181 1999 251 2061 Ant
264 1997 306 2060 ob
319 1995 490 2059 avaritiam
503 2004 562 2057 aut
575 1995 692 2059 misera
706 1995 882 2059 ambitione
896 1995 1027 2059 laborat
1057 2052 1059 2055 .

181 2096 246 2160 Hic
259 2104 436 2178 nuptarum
449 2093 570 2157 insanit
583 2095 755 2174 amoribus,
770 2095 824 2157 bic
839 2112 1028 2176 puerorum3

182 2195 282 2260 Hunc
296 2194 383 2277 capit
396 2194 520 2276 argenti
535 2192 704 2275 splendor3
727 2203 835 2276 stupet
850 2193 966 2258 Albius
980 2213 1053 2258 aere
1063 2216 1085 2276 ;‘

182 2294 246 2359 Hic
260 2303 367 2357 mutat
380 2311 501 2357 marces
515 2302 666 2375 ringente
680 2312 701 2355 a
716 2292 792 2356 Sole
807 2292 949 2374 adeum,
964 2312 1031 2376 quo

182 2391 372 2475 Vesperrina
386 2400 472 2474 repet
486 2392 591 2474 regio:
612 2391 693 2474 quin
706 2411 764 2475 per
777 2393 865 2456 maia
878 2412 1030 2476 praecepa
1153 2393 1198 2457 30

185 2492 308 2571 Fertur,
322 2491 371 2554 uti
384 2489 493 2573 pulvis
506 2490 661 2554 collectus
674 2491 810 2573 turbine,
825 2511 867 2556 ne
881 2491 961 2574 quid

183 2590 324 2654 Summa
337 2587 489 2671 deperdat
502 2599 659 2669 metuens,
676 2599 734 2655 aut
748 2590 880 2674 ampliet
893 2601 931 2655 ut
944 2610 1021 2655 rem.

184 2688 309 2752 Omnes
322 2687 359 2751 hi
372 2697 523 2751 metuunt
535 2706 657 2768 versus,
673 2688 766 2752 odere
779 2700 944 2772 poetas.-

184 2788 336 2851 Foenum
348 2786 447 2850 habet
461 2786 495 2850 in
508 2806 627 2870 comu3
643 2786 738 2872 longe
752 2788 847 2872 fuge:
869 2787 1046 2852 dummodo
1056 2787 1158 2851 risum

184 2885 344 2949 Excutiat
356 2885 426 2965 eibi,
440 2904 507 2949 non
520 2884 574 2949 hio
588 2885 742 2969 cuiquam
755 2897 865 2970 parcet
877 2889 1000 2951 amico:
1158 2885 1201 2951 35

186 2983 240 3065 Et,
249 2984 463 3071 quodcunque
472 2985 572 3051 aemel
578 2986 698 3049 chartis
713 2986 856 3067 ilievcrit,
870 3006 983 3050 omnes

185 3083 310 3148 Geatiet
323 3102 345 3145 a
358 3080 453 3146 fumo
466 3082 637 3147 redeuntes
650 3084 731 3148 seire
745 3084 885 3168 lacuque

185 3182 233 3247 Bt
246 3200 362 3266 pueros
376 3192 409 3244 et
421 3183 717 3266 anne-Agedum,
732 3203 838 3267 panea
851 3186 961 3268 accipe
974 3195 1094 3249 contra

186 3282 336 3347 Primum
348 3300 408 3364 ego
422 3301 475 3345 me
489 3281 626 3363 illorum,
640 3282 784 3347 dederim
797 3284 917 3366 quibua
930 3304 1000 3347 esee
1014 3286 1124 3368 poetis,
1198 3362 1200 3365 .

187 3380 375 3463 Excerpam
388 3398 541 3444 numero:
563 3382 771 3464 nequeenim
784 3381 974 3446 concludere
988 3401 1119 3448 versum
1160 3384 1203 3450 40

188 3479 322 3545 Dixeris
335 3498 405 3543 eaoe
420 3480 515 3544 satia:
538 3499 652 3563 neque,
668 3481 784 3564 siquis
798 3481 923 3560 een'bet,
939 3482 987 3545 uti
1001 3501 1069 3563 noe,

188 3578 338 3645 Semoni
353 3578 506 3662 propiora,
520 3589 614 3662 putea
627 3580 718 3644 hunc
731 3599 802 3644 ease
816 3590 952 3665 poetam

310 3748 348 3798 15.
367 3747 525 3810 Accipejam.
591 3748 632 3799 25.
648 3749 727 3812 elim
743 3752 816 3812 eripe.
881 3750 922 3800 26.
940 3752 1092 3804 abrnrldr.

471 3828 619 3891 dipem
699 3830 964 3890 eloquiorum
