2842 4342
678 369 877 420 calemus!

501 525 703 607 Robiginem‚
720 535 779 588 aut
792 524 905 589 dulces
919 527 1045 592 alumni

544 622 703 687 Pomisero
717 643 814 707 grave
829 634 958 708 tempus
972 645 1068 691 anno.

461 823 647 904 Nam,quae
661 822 762 885 nivali
777 822 919 905 pascitur
932 822 1051 906 Algido

461 923 589 986 Devota
602 940 740 1004 quercus
754 920 836 983 inter
850 931 882 984 et
896 920 995 1004 ilices,

474 1020 478 1025 “
503 1022 571 1085 Aut
584 1020 696 1084 crescit
709 1019 845 1084 Albanis
859 1020 893 1083 in
908 1020 1015 1084 herbis

546 1119 694 1198 Victima,
709 1118 901 1201 pontificum
915 1138 1044 1183 secures

461 1315 594 1380 Cervice
608 1315 729 1397 tinget:
752 1324 783 1379 te
797 1315 879 1379 nihil
893 1315 1007 1379 attinet

461 1415 604 1479 Tentare
619 1413 724 1477 multa
738 1412 838 1477 caede
853 1413 1033 1479 bidentium

504 1513 626 1577 Parvos
640 1521 847 1577 coronantem
861 1514 986 1577 marino

545 1612 628 1676 Rota
642 1610 721 1675 deos
735 1611 904 1695 fragilique
919 1622 1033 1696 myrto.

461 1810 621 1875 Immunis
636 1829 727 1872 aram
741 1809 770 1873 si
784 1809 887 1892 tetigit
901 1827 1028 1889 manus,

460 1908 536 1973 Non
550 1919 740 1991 sumptuosa
754 1907 899 1971 blandior
913 1908 1019 1972 hostia

504 2007 643 2072 Mollivit
656 2026 785 2071 aversos
799 2006 937 2070 Penates

545 2106 644 2170 Forte
657 2105 711 2189 pio
723 2115 757 2171 et
770 2104 905 2171 saliente
918 2105 1014 2170 mica

614 2673 796 2737 OABMEN
822 2673 943 2736 XXIV.

645 2875 694 2918 IN
726 2871 921 2916 AVAROS·

381 3033 514 3098 Intactis
528 3033 706 3116 opulcntior
1171 3084 1188 3112 ἃ

422 3131 602 3196 messum
615 3132 761 3195 nasum
774 3140 807 3193 et
820 3129 929 3195 nuta
943 3130 1066 3212 mnae,
1097 3158 1102 3169 x
1133 3146 1137 3155 ·
1164 3109 1177 3135 ⁸

381 3231 566 3296 caementis
579 3231 655 3294 licet
667 3248 805 3312 occupes

422 3329 634 3412 Tyrrhenum
647 3346 743 3391 omnc
758 3327 822 3390 tuis
836 3336 867 3389 et
882 3344 971 3390 mare
985 3326 1172 3410 Apulicum

382 3427 418 3492 Si
433 3425 504 3511 figit
517 3427 744 3492 adamantinos
1270 3424 1291 3486 ὅ

424 3525 569 3589 Summis
584 3526 756 3592 verticibus
769 3523 839 3588 dira
852 3523 1036 3588 Necessitas

383 3621 511 3702 Claros,
526 3641 592 3686 non
607 3626 755 3689 animum
769 3633 867 3703 metu,

366 3816 662 3881 cmxiunltubiglnem
763 3821 802 3871 12.
818 3818 929 3872 securim
1031 3819 1070 3870 19.
1087 3815 1203 3868 Molliblt.
