2842 4342
518 337 570 389 DE
592 338 691 389 sm
715 336 877 390 Pomm.
1131 328 1204 399 808

231 496 364 560 Scimus
377 494 573 558 inurbanum
588 492 696 576 lepido
710 512 861 577 seponere
875 494 968 576 dicto,

231 594 494 677 legitimumque
508 612 626 656 sorsum
639 591 748 674 digitis
762 593 920 657 callemus
934 605 966 658 et
980 614 1066 660 aure.

232 693 385 774 ignotum
399 691 539 773 uagicae
553 710 657 772 genus
671 692 834 755 invenisse
849 693 1013 757 Camenae
1138 698 1201 763 275

234 791 368 869 Dicitur,
382 800 415 852 et
428 789 580 871 plaustris
594 790 722 853 vexisse
736 802 885 872 poemata
899 791 1050 875 Thespis,

232 890 332 960 Quae
344 899 497 951 canerent
509 899 704 971 agerentque
718 890 865 971 peruncti
878 890 1023 954 faecibus
1036 911 1101 955 ora

233 988 311 1051 Post
323 987 413 1051 hune
425 1006 580 1068 personae
593 987 764 1069 pallaeque
778 999 915 1070 repertor
928 989 1081 1054 honestae

232 1085 415 1168 Aeschylus
429 1096 462 1149 et
475 1084 610 1149 modicis
624 1086 772 1149 instravit
785 1087 910 1169 pulpita
925 1088 1032 1171 tignis,

233 1183 279 1247 Et
291 1183 401 1247 docuit
414 1201 636 1265 magnumque
650 1182 739 1264 loqui
754 1184 878 1266 nitique
891 1186 1055 1249 cothurno.
1139 1186 1203 1250 280

231 1283 395 1347 Successit
407 1292 503 1345 vetus
516 1282 568 1345 his
581 1281 756 1362 comoedia,
773 1301 837 1346 non
852 1284 922 1347 sine
936 1284 1042 1348 multa

232 1379 365 1460 lunde;
387 1379 445 1443 sed
459 1380 496 1443 in
509 1380 626 1443 vitium
639 1379 769 1444 libertas
783 1381 904 1455 excidit
916 1392 951 1445 et
963 1382 1033 1446 vim

234 1479 377 1561 Dignam
393 1478 462 1560 lege
476 1479 564 1561 regi:
585 1477 639 1541 lex
652 1489 701 1541 est
716 1490 856 1561 accepta,
871 1481 1053 1563 chorusque

232 1577 385 1658 'l'urpiter
398 1576 539 1655 obticuit,
555 1576 682 1651 sublato
692 1579 764 1661 jure
778 1577 924 1641 nocendi

234 1675 288 1740 Nil
302 1677 497 1740 intentatum
511 1675 609 1739 nostri
623 1675 744 1757 liquere
758 1686 888 1757 poetae3
1138 1678 1202 1741 285

235 1774 302 1837 Nec
316 1774 491 1839 minimum
505 1793 646 1837 meruere
660 1774 769 1852 decus,
784 1774 919 1856 vestigia
934 1775 1057 1838 Graeca

232 1873 314 1935 Ausi
328 1872 479 1951 decerem,
492 1883 525 1934 et
538 1872 696 1937 celebrare
709 1871 886 1935 domestica
899 1872 993 1952 facta,

234 1968 292 2033 Vel
306 1969 363 2050 qui
377 1979 558 2051 praetextas
572 1969 626 2033 vel
639 1970 697 2051 qui
709 1967 848 2033 docuere
862 1978 996 2051 togatas

233 2066 302 2130 Nec
316 2067 433 2131 vinus
447 2066 526 2131 soret
539 2067 697 2150 clarisque
712 2067 872 2149 potentius
886 2068 993 2147 armis,

232 2165 347 2235 Quam
360 2165 481 2248 lingua,
495 2166 637 2245 Latium,
651 2165 679 2229 si
693 2185 760 2231 non
773 2165 946 2230 offenderet
960 2185 1076 2231 unum·
1137 2167 1201 2231 290

232 2264 408 2345 Quemque
422 2275 588 2346 poetarum
603 2263 699 2329 limae
714 2265 849 2329 laboret
862 2284 959 2331 mora.
1007 2265 1077 2345 Vos,
1092 2284 1113 2328 o

233 2363 412 2445 Pompilius
425 2363 568 2445 sanguis,
582 2381 715 2429 carmen
728 2362 955 2445 reprehendite,
970 2362 1058 2445 quod
1072 2382 1135 2426 non

232 2460 340 2525 Multa
352 2460 423 2525 diss
436 2472 469 2524 et
480 2461 585 2526 multa
598 2460 695 2527 litura
708 2462 856 2541 coercuit,
871 2473 969 2544 atque

233 2559 412 2624 Perfectum
426 2560 533 2624 decies
546 2579 612 2627 non
625 2560 796 2642 castigavit
810 2559 853 2623 ad
867 2577 1021 2641 unguens

232 2657 404 2740 Ingenium
418 2656 912 2739 miseraquiafortunatiusarte
1138 2656 1201 2721 295

233 2755 350 2835 credit,
365 2767 397 2819 et
409 2755 555 2823 excludit
569 2775 665 2820 sanos
678 2755 834 2820 Helicone
848 2762 959 2835 poetas

232 2854 445 2935 Democritus,
460 2855 545 2921 bona
559 2874 633 2936 pars
646 2874 713 2919 non
729 2871 855 2935 ungues
869 2871 984 2933 ponere
998 2862 1101 2932 curat,

233 2952 308 3017 Nou
321 2953 464 3034 barbam,
478 2964 600 3017 secreto
613 2954 692 3036 petit
704 2952 785 3032 locs,
799 2951 917 3017 minsa
930 2950 1020 3013 vitat

233 3051 446 3115 Nanciscetur
459 3052 546 3119 enim
560 3052 698 3134 pretium
712 3068 895 3132 nomenque
908 3057 1029 3131 poetes,

234 3150 270 3214 Si
284 3150 386 3215 tribus
400 3150 564 3233 Anticyris
577 3160 676 3232 ceput
689 3149 870 3213 insanabile
884 3165 1055 3230 nunquam
1138 3146 1202 3211 300

234 3247 374 3312 Tonsori
387 3248 502 3313 Licino
514 3249 716 3313 commiserit
760 3249 790 3312 0
805 3267 865 3330 ago
879 3247 1002 3326 laevius,

234 3346 305 3416 Qui
319 3366 437 3430 purgor
451 3347 548 3411 bilem
563 3347 626 3411 sub
638 3347 728 3411 verni
743 3346 892 3428 temporis
906 3345 1038 3409 horaml

235 3442 310 3507 Non
323 3444 409 3508 alius
422 3442 541 3509 faceret
554 3445 685 3509 meliora
699 3454 866 3526 poemato3
889 3462 1004 3507 verum

236 3541 292 3607 Nil
306 3543 387 3606 tanti
401 3553 459 3606 est
502 3544 590 3626 Ergo
604 3542 723 3627 fungar
735 3543 806 3606 vice
820 3542 909 3621 cotis,
924 3551 1057 3605 acutum

582 3771 816 3825 mltum
