2842 4342
720 354 920 406 onasum

506 513 608 595 Adde,
622 512 711 596 quod
724 512 827 595 pubes
841 511 899 575 tibi
912 510 1026 575 erescit
1039 509 1153 591 omnis,

475 622 478 628 “
507 615 653 681 Servitus
666 612 781 677 erescit
793 631 899 693 nova3
922 630 982 675 nee
997 610 1116 693 priores

507 713 630 798 impiae
644 721 768 777 testum
781 710 932 775 dominae
946 710 1142 792 relinquunt,
1163 731 1165 735 ·

592 813 697 895 Saepe
710 809 834 875 minati,

510 1012 563 1076 'Pe
577 1011 645 1075 suis
659 1019 778 1073 matres
791 1015 943 1072 metuunt
951 1008 1108 1090 juvencis,

471 1170 476 1179 .
511 1111 564 1175 'Pe
578 1129 671 1173 senes
684 1108 773 1191 parci
786 1107 986 1188 miseraeque
1000 1125 1102 1189 nuper

512 1209 659 1293 Virgines
673 1217 802 1292 nuptae,
818 1216 876 1272 tua
890 1226 932 1271 ne
946 1205 1084 1271 retardet

595 1309 685 1371 Aura
698 1305 837 1371 meritos

700 1936 880 2001 cARMsN
914 1935 970 1998 IX.

538 2171 541 2175 ·
665 2148 725 2194 AD
757 2147 996 2192 vetulum.

473 2339 479 2349 “
515 2340 590 2405 Non
604 2358 729 2422 semper
742 2338 860 2403 imbres
873 2338 1015 2403 nubibus
1028 2335 1172 2421 hispidos

515 2436 654 2504 Manent
668 2438 702 2501 in
718 2456 820 2521 agros,
835 2448 893 2501 aut
906 2456 994 2503 mare
1009 2436 1166 2519 Caspium

557 2537 687 2600 Vexaut
700 2535 888 2618 inaequales
902 2535 1059 2619 procellae

597 2633 719 2717 Usque,
734 2653 794 2699 nec
809 2635 969 2699 Armeniis
983 2635 1017 2698 in
1031 2635 1102 2715 oris,

515 2831 630 2896 Amice
643 2830 748 2915 Valgi,
764 2841 828 2896 stat
842 2831 962 2915 glacies
976 2832 1060 2895 iners

516 2929 646 2994 Menses
660 2950 717 3012 per
730 2950 852 3011 omnes,
867 2940 926 2993 aut
939 2929 1154 3011 Aquilonibus

556 3027 722 3097 Quereeta
736 3027 880 3109 Gargani
894 3026 1047 3106 laborant

598 3123 644 3187 Et
657 3122 744 3186 foliis
758 3123 936 3187 viduantur
949 3124 1036 3187 omi:

515 3320 573 3385 'l'u
588 3339 712 3403 semper
725 3316 822 3402 urges
835 3318 996 3383 flebilibus
1010 3318 1114 3384 modis

516 3418 648 3503 Mysten
661 3418 868 3501 ademptum3
891 3437 952 3482 nee
966 3419 1023 3483 tibi
1040 3419 1178 3502 vespert

558 3517 717 3601 Surgente
731 3517 891 3581 decedunt
905 3537 1038 3599 amores,

599 3613 668 3679 Nee
682 3616 832 3699 rapidum
846 3617 989 3700 fugiente
1004 3616 1121 3682 Solem.

715 3811 745 3860 Ο.
756 3814 790 3861 ix.
801 3814 825 3862 3.
843 3814 953 3864 Vemnt.
