2842 4342
675 311 876 366 ultumum

419 475 488 552 Nec
502 474 590 538 leves
604 491 734 539 somnos
748 472 842 537 timor
855 479 914 537 aut
926 469 1045 556 cupido
1244 470 1286 536 15

501 572 658 641 Sordidus
672 572 787 638 aufert
823 620 826 625 «
841 600 847 612 ·

419 772 512 846 Quid
526 774 616 839 brevi
630 774 726 837 fortes
735 770 921 856 jaculamur
934 789 1016 836 sevo

309 860 315 870 ’
419 875 549 939 Multa?
570 873 650 957 quid
663 883 762 937 terras
776 871 841 935 alio
853 870 997 935 calentes

419 974 494 1040 Sole
509 973 700 1039 mutamusl
742 970 871 1035 Patriae
884 969 959 1054 quis
972 987 1067 1034 exsut

502 1074 545 1139 Se
559 1090 689 1156 quoque
703 1070 813 1155 fugit?
1242 1066 1285 1131 20

418 1269 554 1337 Seandit
567 1279 693 1333 aeratas
707 1269 824 1334 vitiosa
837 1286 939 1334 naves

419 1370 516 1452 Oura,
530 1390 591 1434 nec
606 1380 730 1434 numae
743 1369 892 1452 equiturn
905 1367 1064 1453 relinquit,

419 1469 516 1534 Ocior
528 1469 632 1534 cervis
645 1480 679 1533 et
692 1478 809 1553 egente
823 1468 951 1534 nimbos
1168 1460 1175 1471 ’

502 1569 599 1634 Ocior
613 1569 711 1633 Euro.

419 1768 542 1832 Laetus
556 1768 590 1831 in
603 1748 755 1851 piaesens
770 1766 909 1848 animus,
921 1766 1008 1850 quod
1023 1767 1108 1834 ultra
1121 1778 1178 1849 est,
1241 1768 1285 1832 25

419 1867 531 1932 Oderit
544 1886 666 1947 curare,
682 1877 714 1930 et
728 1860 840 1930 amara
853 1866 941 1932 lento

353 1982 356 1987 ⁴
419 1966 594 2050 Temperet
608 1967 683 2030 risu.
727 1966 819 2030 Nihil
833 1976 882 2030 cst
896 1967 939 2031 ab
952 1966 1042 2031 omni

502 2067 598 2132 Parte
612 2067 753 2130 beatum.

419 2263 562 2328 Abstulit
575 2264 701 2327 clarum
714 2264 780 2327 cite
793 2283 880 2329 mors
893 2264 1064 2347 Achillem,

418 2363 534 2446 langa
548 2363 732 2428 Tithonum
745 2363 864 2439 minuit
878 2373 1037 2446 senectus,
1242 2366 1285 2430 30

418 2463 463 2527 Et
477 2463 558 2527 mihi
572 2461 688 2544 forsan,
704 2464 761 2528 tibi
775 2463 863 2548 quod
876 2466 1009 2549 negarit,

502 2562 644 2646 Porriget
657 2563 746 2627 hora

417 2762 471 2828 Te
485 2782 598 2847 greges
612 2774 745 2830 centum
759 2763 955 2850 Siculaeque
969 2764 1092 2830 circum

417 2863 573 2947 Mugiunt
587 2884 716 2947 vaccae,
731 2866 789 2931 tibi
804 2866 886 2931 tollit
900 2867 1067 2931 hinnitum

417 2965 504 3048 Apta
518 2964 683 3049 quadrigis
697 2986 790 3049 equa,
806 2976 838 3030 te
851 2966 901 3031 bis
915 2965 994 3031 Afro
1239 2963 1283 3030 35

500 3063 625 3128 Murice
639 3064 758 3127 tinctae

381 3273 387 3284 ·
417 3259 569 3324 Vestrum
582 3260 697 3323 lanae:
720 3259 802 3323 mihi
816 3279 917 3342 parva
930 3279 1014 3341 rura,
1029 3270 1063 3325 et

416 3359 573 3443 Spiritum
587 3359 703 3424 Graiae
717 3370 849 3423 tenuem
864 3359 1029 3425 Camenae

317 3524 320 3529 ⁴
416 3457 519 3521 Parca
532 3478 599 3522 non
613 3458 757 3524 mendax
771 3457 867 3541 dedit,
882 3469 915 3524 et
928 3460 1112 3547 malignum

500 3556 656 3640 Spemere
670 3560 800 3646 vulgus.
1240 3560 1284 3625 lo

490 3756 528 3809 19.
544 3758 642 3821 patrm?
657 3760 716 3820 quis.
931 3760 973 3812 26.
989 3760 1064 3812 laeto.
