2842 4342
232 330 303 404 128
636 349 835 402 ommium

357 506 430 571 Non
445 506 548 570 incisa
561 507 646 571 notis
660 526 821 572 marmora
834 507 981 591 publicis,

238 674 241 687 ‚
354 606 416 670 Per
429 625 514 688 quae
529 606 659 689 spiritus
673 618 706 670 et
719 609 788 672 vita
802 608 883 672 redit
897 609 990 673 bonis

355 707 433 770 Post
446 716 582 770 mortem
596 705 743 788 ducibus,
759 726 824 771 non
838 708 957 772 celeres
971 707 1069 791 fugae
1206 710 1245 773 15

205 846 206 853 κ
354 806 567 890 Rejectacque
582 815 753 870 retrorsum
767 807 963 871 Hannibalis
976 808 1094 890 minae,

222 978 226 985 ¹
356 906 431 969 Non
445 904 594 969 incendia
608 905 814 988 Carthaginis
828 906 947 989 impiae

356 1005 447 1090 Ejus,
462 1006 520 1087 qui
533 1005 656 1068 domita
669 1023 789 1070 nomen
803 1007 846 1070 ab
861 1005 971 1070 Africa

356 1104 518 1168 Lucratus
532 1104 633 1184 rediit,
649 1105 768 1169 clarius
782 1106 928 1175 indicant

355 1204 494 1284 Laudes,
509 1223 611 1287 quam
626 1204 785 1268 Calabrae
800 1205 959 1271 Pierides:
981 1226 1096 1290 neque,
1202 1208 1246 1270 20

354 1305 391 1368 Si
404 1303 535 1366 chartae
550 1303 666 1367 sileant
679 1304 767 1386 quod
781 1305 863 1368 bene
877 1304 997 1387 feceris,

357 1401 539 1467 Mercedem
553 1403 671 1466 tuleris.
716 1404 812 1476 Quid
827 1405 906 1469 soret
919 1406 999 1470 Iliae

356 1501 575 1585 Mavortisque
589 1521 676 1585 puer,
692 1504 720 1566 si
735 1504 936 1567 taciturnitas

355 1603 505 1665 Obstaret
518 1602 639 1665 meritis
653 1601 766 1666 invida
779 1604 937 1667 Romuli?

357 1702 514 1784 Ereptum
529 1701 651 1785 Stygiis
665 1701 819 1767 fluctibns
833 1705 980 1768 Aeacum
1201 1705 1243 1769 25
1337 1752 1344 1763 .

356 1801 465 1865 Virtus
479 1812 512 1865 et
525 1801 616 1866 lavor
629 1810 662 1865 et
675 1801 789 1885 lingua
803 1804 983 1886 potentium

357 1900 478 1964 Vatum
491 1899 646 1967 divitibus
661 1913 828 1967 consecrat
841 1903 966 1966 insulis.

356 2000 504 2084 Dignum
517 2000 615 2065 laude
629 2002 737 2067 virum
751 2001 850 2067 Musa
863 2011 951 2066 vetat
964 2002 1066 2084 mori;

355 2101 453 2165 Coelo
468 2102 569 2166 Musa
585 2102 664 2166 beat.
707 2102 763 2166 Sic
778 2102 868 2166 Jovis
883 2103 1013 2167 interest

355 2199 483 2283 Optatis
496 2201 601 2284 epulis
614 2201 749 2285 impiger
763 2201 937 2266 Hercules:
1202 2200 1245 2265 30

355 2299 490 2365 Olamm
504 2301 717 2384 Tyndaridae
732 2302 823 2365 sidus
838 2301 880 2365 ab
893 2300 1016 2365 infimis

355 2400 506 2471 Quassas
520 2401 660 2484 eripiunt
673 2401 868 2485 aequoribus
882 2410 987 2465 rates:

355 2498 497 2564 Ornatus
511 2501 607 2566 viridi
621 2512 763 2583 tempora
776 2500 928 2584 pampino

355 2599 451 2667 Liber
465 2611 540 2665 vota
554 2602 654 2667 bonos
668 2601 759 2666 ducit
772 2600 816 2666 ad
829 2600 946 2665 exitus

605 3159 785 3251 manns
817 3159 874 3221 rx

573 3358 632 3402 ΑΙ)
668 3355 907 3400 LOLLIUM.

422 3520 472 3585 Ne
486 3519 566 3585 forte
579 3522 692 3587 credas
707 3520 881 3601 interitura,
896 3539 990 3603 quac,
1161 3578 1167 3587 .

420 3617 533 3701 Longe
548 3631 718 3686 sonantem
731 3630 829 3685 natus
843 3620 886 3685 nd
900 3619 1068 3698 Aufidum,

256 3812 262 3829 ·
391 3825 397 3831 ·
447 3822 451 3831 ·
512 3818 550 3868 ιτ.
567 3819 708 3879 maenam
724 3818 969 3885 rependamus.
