2842 4342
530 319 689 371 ursuni
738 320 829 371 an
1098 300 1197 379 -l'lb

220 477 265 542 Sa
279 476 398 560 probet,
413 493 454 538 ao
467 475 575 557 potius
589 474 701 540 laudet
714 475 842 539 diversa
856 470 1035 559 sequentes,

219 575 388 658 Quodque
402 574 510 638 aliona
523 574 649 657 capella
660 585 753 657 gerat
766 574 937 640 distentius
950 577 1038 657 uber,
1135 578 1197 642 110

220 675 396 753 Tabescat,
412 692 519 755 neque
533 693 569 736 se
581 675 694 758 majori
708 675 935 757 pauperiorum

220 773 356 837 Turbae
369 760 544 855 comparet'
552 773 642 837 huno
655 784 755 855 atque
769 774 858 838 buno
873 793 1022 857 superare
1037 775 1166 841 laboret.

220 873 277 937 Sic
292 871 459 935 festinanti
472 892 597 955 semper
610 872 797 955 locupletior
810 874 936 937 obstat:

221 970 276 1050 Ut,
290 989 369 1035 curn
382 972 564 1035 carceribus
578 972 694 1037 missos
708 972 792 1054 rapit
806 971 933 1055 ungula
947 990 1071 1053 currus,

221 1071 326 1135 Instat
339 1054 434 1152 equis'
446 1071 561 1154 auriga
574 1090 651 1135 suos
665 1072 879 1152 vincentibus,
892 1071 989 1136 illurn
1136 1072 1197 1136 115

221 1170 434 1234 Praeteritum
448 1180 597 1235 temnens
610 1181 771 1235 extremos
785 1171 867 1235 inter
880 1181 1022 1237 euntem

221 1268 302 1333 Inde
317 1268 363 1349 fit,
379 1280 416 1333 ut
429 1289 508 1349 raro,
523 1271 581 1351 qui
595 1290 630 1333 se
644 1270 766 1333 vixisse
780 1270 913 1335 beatum

221 1368 327 1447 Dicat,
342 1377 376 1430 et
389 1377 505 1433 exacto
518 1379 690 1434 contentus
704 1378 854 1452 tempore,
868 1369 939 1433 vita

220 1465 333 1545 Cedat,
348 1467 397 1530 uti
410 1468 552 1532 conviva
564 1478 662 1549 satur,
677 1469 811 1551 reperire
825 1487 1039 1550 queamus.—

219 1566 296 1631 Jam
310 1567 390 1630 sads
403 1577 461 1631 est
505 1565 558 1631 Ne
572 1588 625 1632 me
640 1568 780 1650 Crispini
794 1567 912 1631 serinia
927 1568 1006 1650 lippi
1135 1566 1197 1631 120

219 1666 423 1750 Gompilasse
436 1676 540 1749 potes,
555 1667 690 1733 verbnm
704 1686 770 1731 non
784 1666 926 1750 amplius
939 1665 1070 1731 addam.

569 2265 730 2330 sauma
763 2267 808 2330 11.

262 2504 522 2568 Ambubaiarum
535 2504 678 2589 collegia,
694 2506 972 2589 pharmacopolae,

221 2602 373 2683 Mendici,
388 2604 516 2684 mimae,
532 2604 722 2685 balatrones,
737 2605 798 2668 hoc
813 2622 917 2689 genus
931 2624 1028 2669 omne

221 2700 385 2767 Moestum
399 2722 437 2766 ao
451 2702 626 2767 sollicitum
640 2715 689 2768 est
702 2706 841 2768 cantoris
856 2714 955 2768 morte
969 2703 1110 2787 Tigellt3

222 2802 355 2886 Quippe
369 2803 530 2886 benignus
544 2814 620 2867 erat
664 2804 786 2867 Contra
799 2804 862 2885 hic,
874 2823 915 2868 ne
929 2803 1082 2887 prodigus
1096 2820 1167 2865 esse

221 2901 359 2965 Dicatur
372 2913 528 2986 metuens,
544 2904 630 2987 inopi
644 2901 722 2968 dare
736 2904 816 2967 nolit
829 2904 942 2983 arnico,
1174 2900 1196 2966 ὅ

223 3001 342 3084 Frigus
356 3020 422 3083 quo
436 3002 616 3087 duramque
630 3001 752 3068 famem
766 3001 938 3086 propellere
951 3002 1060 3085 possit

221 3099 322 3163 Hunc
335 3101 364 3163 si
376 3104 577 3185 perconteris,
593 3103 647 3166 avi
661 3122 720 3165 cur
734 3113 831 3185 atque
846 3102 986 3185 parentis

220 3198 425 3263 Praeclaram
439 3199 566 3285 ingrata
580 3202 716 3285 stringat
730 3202 838 3265 malus
853 3199 997 3284 ingluvie
1011 3218 1088 3279 rem,

220 3298 343 3362 Omnia
356 3299 524 3365 conductis
533 3307 686 3366 coemens
700 3301 835 3365 obsonia
849 3299 1014 3363 nummis:

219 3396 377 3462 Sordidus
392 3409 489 3482 atque
503 3401 604 3465 animi
618 3400 704 3484 quod
721 3401 812 3484 parvi
826 3398 907 3462 nolit
920 3396 1040 3477 haberi,
1154 3395 1196 3460 10

219 3494 425 3580 Respondet:
447 3499 602 3564 laudatur
616 3501 658 3563 ab
672 3500 733 3580 his,
748 3499 898 3582 culpatur
912 3497 954 3561 ab
968 3496 1040 3561 illis.

219 3595 373 3661 Fufidius
388 3617 514 3683 vappae
529 3598 652 3664 sarnam
667 3600 758 3663 timet
771 3619 810 3663 ac
825 3598 1002 3677 nebulonis,

344 3797 400 3848 rra.
417 3798 504 3848 osea
572 3800 625 3848 ns.
643 3799 717 3848 vasa
783 3795 884 3848 sna.
902 3796 1028 3860 upana
