2842 4342
489 372 676 423 emnerii
727 374 833 425 om.
1121 350 1171 431 ts

313 531 390 594 Dux
405 529 540 610 inquieti
555 528 704 591 turbidus
720 529 871 611 Hadriae,
1148 533 1169 596 5

309 629 379 693 Nec
393 628 597 692 fulminantis
612 648 734 710 magna
747 649 866 693 manus
880 629 992 693 Jovis:

354 729 389 792 si
404 718 530 790 tractus
541 727 692 789 illabatur
705 728 798 807 orbis,

368 844 373 849 ·
398 825 606 909 impavidum
621 825 734 888 ferient
749 827 869 889 ruinae.

314 1024 386 1087 Hac
400 1033 466 1086 arte
480 1023 598 1086 Pollux
613 1036 645 1086 et
659 1041 766 1105 vagus
779 1023 937 1091 Herculea

317 1122 438 1185 Enisns
452 1141 541 1184 arces
555 1122 662 1204 attigit
676 1123 797 1204 igneas,

359 1222 453 1291 Quos
468 1221 550 1284 inter
564 1222 736 1304 Augustus
750 1222 941 1284 recumbens

400 1320 564 1403 Purpureo
579 1321 659 1384 bibit
672 1339 726 1382 ore
741 1329 858 1383 nectar:

317 1517 388 1580 Hac
402 1527 433 1579 te
448 1528 633 1597 merentem,
650 1518 779 1581 Bacche
793 1527 891 1600 pater,
907 1527 983 1582 tuae

316 1616 438 1680 Vexere
454 1616 558 1699 tigres,
573 1616 705 1680 indocili
714 1619 833 1701 jugum

358 1715 449 1778 Collo
463 1715 643 1791 trahentem
667 1716 731 1779 hac
745 1716 907 1786 Quirinus

401 1813 515 1878 Martis
528 1814 623 1897 equis
636 1815 823 1878 Acheronta
837 1813 929 1897 sugit,

317 2011 455 2075 Gratum
469 2011 597 2075 elocuta
609 2011 856 2075 consiliantibus

316 2110 337 2175 J
339 2129 444 2174 unone
458 2110 561 2175 divis:
585 2117 603 2151 “
611 2111 703 2191 Ilion,
719 2110 801 2174 Ilion

359 2209 484 2274 Fatalis
498 2210 707 2292 incestusque
717 2209 820 2294 judex

403 2308 448 2372 Et
461 2308 578 2372 mulier
592 2313 759 2391 peregrina
773 2309 867 2372 vertit

318 2520 357 2584 ln
371 2520 546 2603 pulverem,
562 2542 604 2584 ex
619 2541 684 2603 quo
699 2521 845 2587 destituit
858 2521 936 2587 deos

319 2619 464 2683 Mercede
479 2631 575 2703 pacta
588 2620 784 2701 Laomedon,
799 2622 882 2686 mihi

362 2719 543 2801 castaeque
558 2718 752 2784 damnatum
766 2721 933 2784 Minervae

403 2819 489 2881 Cum
503 2819 622 2902 populo
636 2829 669 2883 et
682 2819 765 2884 duce
780 2818 993 2884 fraudulento.

318 3029 393 3094 Jam
406 3050 467 3094 nec
480 3031 651 3096 Lacaenae
666 3032 812 3116 splendet
825 3030 990 3096 adulterae

319 3129 480 3194 Famosns
494 3131 619 3215 hospes,
635 3152 695 3196 nec
710 3133 831 3197 Priami
844 3131 961 3196 domus

361 3229 491 3313 Perjura
505 3250 671 3314 pugnaees
686 3233 830 3295 Achivos

403 3328 567 3393 Hectoreis
581 3332 695 3415 opibus
710 3331 861 3415 refringit,

319 3539 507 3625 Nostnsque
521 3544 657 3609 ductum
673 3545 884 3609 seditionibus

319 3639 448 3706 Bellum
467 3643 593 3707 resedit
636 3645 788 3709 Protinus
802 3656 835 3709 et
849 3664 963 3728 graves

310 3838 333 3889 t.
350 3839 466 3891 fflrbeur.
602 3845 639 3968 itit.
659 3844 759 3894 laniae.
895 3844 931 3893 12.
949 3844 1021 3909 bibet.
