2842 4342
278 319 351 391 240
681 336 896 387 sammon

278 492 443 558 Convivae
458 492 531 556 lecti
545 492 687 557 nihilum
701 511 841 581 nocuere
855 493 989 576 lagenis.

276 592 416 657 Affertur
430 592 564 674 squillas
580 592 661 656 inter
674 612 831 656 muraena
845 603 1004 674 natantes,

275 694 314 756 In
328 692 440 775 patina
455 702 606 774 porrecta
643 693 714 756 Sub
725 692 786 756 hoo
797 693 911 756 herus:
927 695 1019 758 Haec
1028 695 1170 777 gravida,
1183 696 1310 782 inquit,

276 792 382 874 Capta
395 801 453 871 est,
468 790 603 854 deterior
616 802 688 874 post
702 802 832 874 partum
846 812 942 855 earne
957 792 1074 857 futura

275 891 336 955 His
350 890 493 954 mixtum
502 892 557 974 jus
572 900 638 954 est:
660 890 740 971 oleo,
756 891 844 973 quod
858 893 963 974 prima
979 892 1110 957 Venafri
1263 897 1308 962 4⁵

275 991 395 1054 Pressit
409 990 510 1072 cella3
533 1009 610 1073 garo
624 989 665 1052 de
679 991 786 1053 succis
800 992 898 1073 piscis
912 992 1031 1073 Hiberi,

275 1090 358 1153 Vino
372 1090 584 1172 quinquenni,
599 1109 715 1153 verum
728 1090 808 1153 citra
822 1110 911 1153 mare
925 1102 1012 1172 nato,

274 1190 366 1253 Dum
380 1189 528 1273 coquitur
540 1199 681 1271 ;-eocto
697 1189 819 1253 Chium
834 1190 881 1253 sie
894 1191 1055 1272 convenit,
1070 1201 1187 1256 utnon

274 1288 345 1351 Hoc
359 1288 465 1371 magis
479 1287 586 1351 ullum
600 1287 690 1351 aliud
701 1288 861 1372 3—pipere
875 1288 957 1369 albo,
973 1308 1040 1353 non
1053 1290 1124 1355 sine
1138 1302 1246 1373 aceto,

273 1386 374 1458 Quod
390 1387 659 1469 Methymnaeam
672 1388 751 1451 vitio
766 1389 941 1452 mutaverit
956 1408 1066 1454 uvam
1256 1395 1301 1459 ⁵0

273 1486 398 1549 Erueas
413 1484 539 1565 virides,
555 1485 663 1550 inulas
677 1505 737 1569 ego
751 1488 874 1569 primus
888 1507 1018 1551 amaras

274 1585 452 1649 Monstravi
468 1584 657 1667 inooquere;
681 1585 790 1649 illutos
806 1587 963 1650 Curtillus
977 1587 1120 1669 echinos,

273 1684 319 1748 Ut
333 1685 449 1748 melius
464 1684 577 1764 muria,
593 1684 681 1766 quod
696 1694 779 1748 testa
793 1686 921 1749 marina
934 1688 1074 1751 remittit

273 1785 399 1847 Interea
413 1802 571 1866 suspensa
584 1803 699 1867 graves
714 1784 831 1848 aulaea
845 1786 957 1849 ruinas

273 1883 312 1945 In
328 1883 475 1965 patinam
488 1881 600 1963 faeere,
616 1883 777 1947 trahentia
791 1883 933 1967 pulveris
948 1886 1016 1964 atri,

273 1982 449 2050 Quantum
463 2001 529 2045 non
543 1982 663 2063 Aquilo
678 1976 856 2066 Campanis
870 1984 992 2047 excitat
1006 1982 1100 2066 agris.

274 2079 341 2144 Nos
356 2082 462 2164 majus
477 2081 576 2161 veriti,
592 2093 767 2164 postquam
775 2082 863 2146 ,nihil
877 2102 947 2145 esse
962 2083 1072 2166 pericli

272 2178 451 2259 Sensimus,
467 2180 629 2263 erigimur.
672 2179 790 2262 Rufus,
805 2182 908 2265 posito
923 2181 1036 2264 capite,
1052 2192 1089 2246 ut
1102 2183 1131 2246 si

272 2275 378 2339 Filius
392 2277 586 2342 immaturus
600 2281 727 2361 obisset,
742 2281 827 2344 flere.
872 2281 959 2351 Quis
973 2291 1058 2345 esset

272 2374 374 2455 Finis,
389 2376 425 2439 ni
440 2378 569 2459 sapiens
584 2380 631 2443 sic
646 2380 873 2444 Nomentanus
888 2382 1033 2445 amioum

273 2474 435 2539 Tolleret:
458 2477 541 2554 Heu,
557 2480 712 2560 Fortuna,
728 2481 803 2563 quis
813 2465 867 2543 'est
881 2480 1039 2544 crudelior
1053 2482 1087 2545 in
1102 2500 1163 2545 nos

271 2575 324 2639 Te
338 2574 443 2639 deusl
488 2576 535 2642 Ut
549 2598 675 2662 semper
689 2579 814 2662 gaudes
830 2579 963 2643 illudere
978 2581 1074 2643 rebus

272 2676 456 2740 Humanis!
500 2678 617 2742 Varius
632 2697 751 2761 mappa
765 2698 966 2762 compescere
979 2681 1080 2743 risum

272 2774 336 2837 Vix
351 2785 481 2857 poterat.
524 2777 663 2858 Balatro,
679 2778 881 2860 suspendens
896 2779 1006 2841 omnia
1020 2798 1110 2857 naso,

254 2866 256 2871 ’
271 2872 362 2936 Haec
376 2883 426 2936 est
439 2875 580 2939 conditio
594 2875 736 2955 vivendi,
752 2877 868 2957 aiebat,
884 2896 987 2959 eoque

271 2970 480 3054 Responsura
494 2984 550 3037 tuo
564 2993 738 3057 nunquam
755 2985 805 3038 est
818 2995 877 3058 par
891 2974 980 3039 sama
994 2976 1104 3039 labori.

272 3070 376 3151 Tene,
391 3081 428 3134 ut
442 3091 502 3155 ego
516 3072 656 3155 accipiar
669 3073 767 3154 laute,
784 3075 955 3156 torquerier
969 3075 1058 3139 omni
1142 3110 1148 3125 ·

270 3170 493 3237 Sollicitudine
508 3170 696 3254 districtum,
713 3194 754 3237 ne
768 3175 863 3257 panis
877 3175 1023 3254 adustus,

270 3268 321 3332 Ne
337 3271 422 3333 male
437 3270 604 3335 conditum
613 3273 669 3355 jus
683 3282 873 3355 apponatur,
890 3284 927 3337 ut
941 3294 1054 3337 omnes

271 3368 449 3433 Praecincti
464 3382 547 3435 recta
562 3372 652 3455 pueri
666 3373 850 3455 comptique
865 3374 1070 3438 ministrent?

271 3464 364 3529 Adde
379 3468 439 3530 hos
454 3481 618 3551 praeterea
633 3491 748 3534 casus:
771 3472 889 3535 aulaea
903 3482 1001 3536 ruant
1016 3473 1052 3553 si,

138 3564 161 3589 ”
272 3564 316 3630 Ut
329 3565 444 3648 modo;
467 3570 495 3631 si
509 3571 655 3652 patinam
668 3570 750 3654 pede
765 3570 877 3655 lapsus
893 3570 1022 3656 frangat
1036 3591 1144 3655 agaso.

623 3799 665 3850 ⁵³.
681 3815 762 3861 quani.
830 3802 870 3851 ts,
887 3816 939 3864 pro.
