2842 4342
666 341 923 396 mmmm

648 629 864 694 EPIS'POLA
899 629 943 690 IL

633 846 691 888 AD
721 844 960 888 LOLLIUM.

331 1025 463 1111 Trojani
477 1022 554 1089 belli
568 1022 761 1105 scriptorem,
777 1021 921 1086 maxime
935 1020 1028 1103 Lolli,

288 1128 379 1192 Dum
393 1136 430 1190 tu
444 1125 609 1189 declamas
624 1123 757 1203 Romae,
773 1124 946 1186 Praeneste
960 1120 1075 1205 relegi:

288 1227 367 1307 Qui,
383 1224 463 1308 quid
478 1224 519 1287 sit
533 1222 715 1307 pulchrum,
730 1219 810 1303 quid
824 1231 924 1304 turpe,
940 1220 1019 1305 quid
1035 1218 1123 1301 utile,
1134 1216 1216 1302 quid
1230 1236 1308 1299 non,

288 1326 424 1391 Planius
439 1343 478 1387 ac
492 1322 611 1387 melius
625 1322 808 1406 Chrysippo
822 1330 855 1385 et
869 1321 1024 1385 Crantore
1039 1318 1126 1384 dicit

287 1425 355 1489 Cur
369 1424 416 1487 ita
429 1421 626 1501 crediderim,
641 1420 705 1485 nisi
719 1419 800 1504 quid
815 1430 846 1484 te
861 1418 990 1500 detinet,
1006 1417 1093 1483 audi
1286 1418 1308 1483 5

288 1523 425 1604 Fabula,
440 1542 507 1605 qua
521 1520 647 1585 Paridis
661 1531 787 1606 propter
800 1531 949 1584 narratur
963 1538 1108 1583 amorem

289 1622 425 1688 Graecia
438 1621 605 1686 barbariae
620 1620 707 1684 lento
723 1620 836 1683 collisa
850 1618 967 1699 duello,

288 1723 468 1790 Stultorum
481 1738 596 1804 regum
610 1729 642 1782 et
656 1720 848 1802 populorum
862 1719 1004 1783 continet
1018 1726 1137 1781 aestus

289 1823 434 1886 Antenor
447 1829 557 1884 censet
570 1817 647 1882 belli
660 1816 843 1902 praecidere
857 1837 1012 1881 causam:

290 1921 382 1993 Quid
397 1920 513 1985 Paris?
556 1919 602 1983 Ut
616 1917 729 1981 salvus
744 1929 856 2002 regnet
870 1918 1024 2000 vivatque
1038 1916 1164 1996 beatus,
1268 1914 1313 1978 10

290 2020 371 2103 Cogi
385 2039 478 2104 posse
493 2028 599 2103 negat
643 2018 760 2083 Nestor
773 2036 962 2101 componere
977 2017 1048 2080 lites

290 2120 378 2184 Inter
390 2118 525 2183 Peliden
540 2118 671 2182 festinat
684 2128 717 2181 et
730 2119 813 2182 inter
826 2117 980 2182 Atriden:

289 2219 390 2283 Hunc
404 2237 502 2299 amor,
518 2219 566 2282 ira
579 2217 713 2302 quidem
727 2218 941 2281 communiter
955 2216 1018 2280 urit
1032 2224 1215 2298 utrumque

290 2317 463 2402 Quidquid
477 2317 616 2383 delirant
629 2339 729 2402 reges,
744 2317 930 2402 plectuntur
944 2316 1070 2381 Achivi

290 2416 462 2500 Seditione,
478 2417 568 2501 dolis,
584 2418 702 2482 scelere
717 2428 816 2501 atque
830 2415 964 2481 libidine
976 2427 1009 2480 et
1023 2417 1070 2480 ira
1270 2413 1314 2477 15

290 2519 407 2584 Iliacos
421 2519 506 2603 intra
519 2538 630 2582 muros
644 2529 797 2601 peccatur
810 2528 843 2580 et
856 2528 956 2581 extra

291 2617 426 2700 Rursus,
442 2618 523 2703 quid
536 2617 640 2682 virtus
654 2628 686 2682 et
700 2616 781 2702 quid
796 2617 954 2701 sapientia
968 2616 1075 2700 possit,

292 2718 378 2784 Utile
392 2718 557 2802 proposuit
570 2716 665 2782 nobis
679 2717 846 2800 exemplar
860 2717 989 2796 Ulixen,

291 2818 363 2890 uui
376 2816 513 2881 domitor
527 2817 653 2902 Trojae,
669 2816 847 2880 multorum
861 2814 1016 2899 providus
1030 2814 1124 2877 urbes

291 2918 337 2982 Et
350 2937 454 2982 mores
467 2918 640 2981 hominum
654 2917 803 2999 inspexit,
819 2915 988 2998 latumque
1003 2934 1059 2996 per
1072 2930 1200 2995 aequor,
1271 2908 1321 2974 20

291 3017 383 3082 Dum
397 3017 466 3097 sibi,
482 3016 563 3079 dum
577 3016 672 3079 sociis
687 3015 826 3079 reditum
840 3024 941 3098 parat,
957 3032 1070 3096 aspera
1083 3010 1186 3075 multa

155 3121 176 3193 ’Ἴ
289 3117 435 3198 Pertulit,
450 3116 594 3181 adversis
608 3134 715 3179 rerum
731 3114 956 3179 immersabilis
971 3113 1077 3177 undis.

292 3217 444 3283 Sirenum
458 3236 554 3280 voces
568 3225 601 3279 et
614 3216 728 3279 Circae
743 3214 860 3298 pocula
874 3215 958 3279 nosti
969 3234 978 3296 3

292 3317 391 3388 Quae
405 3336 433 3380 sr
447 3336 525 3379 curn
539 3316 633 3380 sociis
648 3315 767 3379 stultus
782 3314 985 3398 cupidusque
999 3311 1138 3390 bibisset,

293 3414 363 3477 Sub
378 3415 510 3479 domina
524 3416 687 3480 meretrice
702 3414 816 3478 fuisset
831 3415 932 3497 turpis
947 3408 979 3476 et
993 3429 1114 3490 excors,
1274 3408 1324 3474 25

293 3511 435 3577 Vixisset
449 3515 540 3579 oanis
554 3514 746 3580 immundus
760 3513 813 3577 vel
829 3514 936 3577 amica
950 3511 1019 3575 luto
1033 3529 1099 3573 sus.

293 3609 362 3678 Nos
375 3631 532 3678 numerus
547 3633 671 3696 sumus,
687 3625 721 3679 et
734 3614 844 3697 fruges
858 3630 1049 3677 consumere
1062 3607 1140 3688 nati,

507 3826 537 3877 E.
549 3827 575 3877 il
586 3827 611 3875 4.
629 3827 735 3878 Plenius.
804 3828 842 3879 1⁰.
860 3826 933 3887 Quod
945 3825 1022 3885 Poris,
1031 3833 1098 3875 nt·-.
