2842 4342
249 350 319 420 252
624 350 879 419 mammon

289 523 381 597 Quid
395 524 494 588 maris
507 533 668 588 extremos
682 525 808 589 Arabas
822 523 956 588 ditantis
969 534 1002 589 et
1015 526 1124 607 Indoa

288 624 430 688 Ludicra
444 623 532 706 quid,
548 624 684 708 plausus
698 635 731 688 et
744 624 841 687 amici
856 624 943 688 dona
957 626 1096 695 Quintis

287 725 366 794 Quo
381 723 557 806 spectanda
570 724 674 804 modo,
690 742 756 806 quo
770 742 869 787 sensu
882 724 986 788 credis
1000 735 1033 789 et
1045 726 1122 790 orel

286 822 358 892 Qui
373 823 463 885 timet
477 823 530 886 his
544 822 689 903 adversa
705 822 770 886 sera
785 823 921 886 miratur
934 823 1057 905 codem,

287 923 366 991 Quo
380 922 522 1004 cupiens,
538 933 650 1005 pacto3
673 941 775 1005 pavor
788 931 837 985 est
852 922 1021 1006 utrobique
1035 924 1202 1006 molestus,
1223 929 1264 991 lo

288 1021 467 1104 improvisa
482 1020 579 1084 simul
594 1023 717 1103 species
731 1029 869 1084 exterret
882 1031 1065 1104 utrumque.

287 1119 438 1184 Gaudeat
452 1140 495 1184 an
510 1119 625 1201 doleat,
641 1121 752 1203 cupiat
765 1130 940 1201 metuatve,
954 1122 1035 1204 quid
1049 1122 1093 1186 ad
1107 1143 1185 1201 rem,

286 1220 331 1300 Si,
347 1219 506 1302 quidquid
520 1219 603 1284 vidit
616 1219 735 1284 melius
748 1221 905 1304 pejusque
919 1239 1060 1305 conspe,

286 1318 414 1383 Dcfixis
428 1318 539 1399 oculis,
556 1319 729 1401 animoque
742 1329 775 1382 et
788 1338 917 1403 corpore
932 1322 1055 1403 torpeti

286 1417 400 1480 Insani
415 1418 544 1500 sapiens
558 1436 677 1481 nomen
692 1416 782 1498 t’crat,
797 1438 923 1501 aequus
938 1420 1050 1502 iniqui,
1222 1426 1262 1488 15

285 1516 378 1581 Ultra
392 1534 493 1598 quam
507 1517 586 1579 satis
600 1527 650 1580 cst
663 1517 817 1581 virtutem
830 1518 858 1581 ai
871 1528 960 1601 petat
975 1519 1089 1602 ipsam

285 1616 302 1679 l
316 1634 414 1697 nunc,
429 1625 600 1700 argeutum
613 1625 647 1679 et
659 1635 801 1680 marmor
815 1628 911 1681 vetus
925 1638 1064 1701 aeraque
1079 1629 1112 1683 et
1125 1632 1210 1685 artes

284 1715 429 1798 Suspice,
444 1734 522 1779 cum
537 1715 674 1798 gemmis
688 1714 810 1798 Tyrios
824 1717 940 1780 mirare
953 1717 1092 1783 colores:

194 1795 203 1811 ’
285 1814 409 1895 Gaude,
425 1814 513 1897 quod
527 1824 673 1898 spectant
687 1815 776 1879 oculi
792 1824 823 1878 tc
836 1815 926 1880 mille
940 1816 1147 1899 loquentem

285 1913 423 1978 Gnarus
437 1933 534 1978 mane
548 1913 654 1978 forum
668 1924 702 1978 et
715 1915 917 1998 vespertinus
930 1926 1003 1998 pete
1017 1927 1149 1998 tectum
1219 1919 1264 1983 20

285 2014 335 2078 Nc
348 2013 424 2096 plus
438 2013 592 2078 frumenti
606 2012 770 2079 dotalibus
783 2025 903 2079 emetat
917 2016 1003 2098 agris

284 2112 406 2193 Mutus,
422 2112 677 2196 ‹rt-indiguum,
692 2111 781 2196 quod
795 2114 837 2178 ait
852 2115 1011 2199 pejoribus
1024 2125 1157 2179 ortus-

283 2211 347 2274 Hic
362 2212 419 2274 tibi
434 2212 475 2274 sit
488 2212 603 2295 potius,
618 2232 721 2295 quam
735 2222 772 2276 tu
786 2212 941 2277 mirabilis
954 2212 1011 2277 illi.

283 2309 455 2392 Quidquid
470 2311 532 2374 sub
546 2321 629 2375 terra
642 2321 699 2391 est,
715 2312 749 2375 in
764 2312 911 2394 apricum
925 2311 1061 2394 proferet
1074 2323 1185 2395 aetam

284 2407 434 2473 Desodiet
447 2409 628 2493 condetque
643 2411 787 2475 nitentia.
832 2412 918 2475 Cum
933 2412 1015 2476 bene
1029 2422 1146 2476 notum
1216 2414 1263 2478 25

283 2509 428 2573 Porticus
443 2511 604 2593 Agrippae
618 2520 650 2573 et
663 2509 720 2573 via
734 2520 766 2573 te
781 2510 983 2594 conspexerit
998 2512 1094 2594 Appt,

282 2609 332 2673 Ire
347 2619 456 2672 tamen
470 2620 576 2690 restat,
592 2609 704 2674 Numa
719 2628 785 2691 quo
799 2609 929 2674 devenit
942 2621 975 2674 et
989 2612 1112 2674 Ancus.

282 2709 320 2775 Si
333 2708 419 2772 latus
434 2718 492 2772 aut
506 2728 598 2772 renes
612 2709 724 2772 morbo
738 2719 903 2773 tentantur
917 2721 1022 2791 acuto,

281 2809 413 2879 Quaere
427 2805 541 2890 fugam
555 2808 666 2871 morbi.
710 2808 768 2871 Vis
782 2819 866 2872 recte
881 2810 1008 2873 vivere:
1029 2809 1104 2891 quis
1119 2809 1211 2873 noni

281 2907 317 2973 Si
332 2907 435 2971 virtus
449 2907 511 2970 hoc
527 2926 594 2971 una
609 2915 712 2990 potest
726 2906 813 2984 dare,
827 2907 916 2972 fortis
931 2908 1060 2973 omissis
1216 2908 1266 2973 30

281 3007 353 3070 Hoc
367 3026 428 3090 ago
442 3006 574 3070 deliciis.
618 3006 780 3071 Virtutem
794 3009 894 3071 verba
908 3019 1005 3091 putas
1019 3020 1052 3071 et

282 3105 411 3169 Lucum
427 3105 539 3189 ligna?
582 3106 680 3186 Cave,
696 3125 738 3170 nc
753 3117 863 3189 portus
877 3118 1013 3190 occupet
1028 3107 1115 3188 alter,

282 3205 332 3269 Ne
347 3205 541 3289 Cibyratica,
557 3224 598 3269 ne
612 3205 759 3289 Bithyna
774 3208 904 3291 negotia
918 3206 1051 3292 perdas3

282 3304 373 3367 Mille
387 3305 509 3369 talenta
523 3304 743 3387 rotundentur,
759 3308 892 3372 totidem
907 3307 1016 3387 altera,
1032 3318 1171 3389 porroet

281 3403 395 3468 'l'ertia
410 3405 594 3487 succedant,
609 3415 642 3469 et
656 3425 741 3487 quae
755 3426 830 3489 pars
845 3405 981 3489 quadret
996 3425 1159 3469 acervum.
1217 3405 1265 3470 3⁵

150 3520 154 3525 '
281 3503 412 3569 Scilicet
426 3524 561 3569 uxorem
575 3526 653 3570 cum
667 3505 749 3587 dote,
766 3505 937 3589 fidemque,
953 3517 986 3569 et
1000 3507 1132 3586 amicos,

282 3602 328 3667 Et
341 3622 453 3686 genus,
468 3613 501 3668 ct
515 3605 651 3669 sormam
665 3604 777 3689 regina
791 3606 936 3670 Pecunia
949 3604 1059 3687 donat,

598 3833 640 3883 ³5.
658 3833 769 3895 onomat,
780 3833 896 3885 oleum
