2842 4342
502 409 662 460 urenae
711 410 836 462 nvn
1109 396 1180 466 255

203 567 334 635 Reddes
349 565 445 630 dulce
459 565 557 648 loqui,
572 564 687 630 reddes
701 566 803 630 ridere
818 566 970 633 docorum
983 579 1017 634 et

203 668 292 733 Inter
306 667 385 730 rina
399 664 515 748 lugam
529 665 669 730 Cinarae
683 685 824 730 moerere
838 678 1011 750 protervae.

205 769 302 832 Forte
316 786 373 850 per
386 776 562 849 angustam
576 765 685 829 tenuis
699 765 874 849 vulpecula
888 767 1004 831 rimam

204 867 361 949 Repserat
375 865 410 928 in
423 882 591 928 cumeram
605 863 767 945 frumenti,
782 876 939 948 pastaque
954 886 1065 931 rursus
1138 868 1181 953 30

205 966 256 1029 Ire
271 963 356 1028 foras
370 963 466 1047 pleno
481 962 632 1027 tendebat
646 982 774 1047 corpore
789 963 908 1028 frustra
920 987 928 1047 ;

206 1063 271 1129 Oui
285 1063 425 1127 mustela
438 1062 558 1147 procul,
580 1063 616 1128 si
631 1063 690 1144 vis,
705 1064 760 1143 ait,
775 1063 914 1147 effugere
929 1064 1032 1145 istinc,

203 1163 319 1228 Macra
333 1182 454 1226 carum
468 1172 590 1245 repetes
604 1172 722 1243 artum,
737 1183 836 1246 quern
849 1183 961 1228 macra
974 1161 1099 1229 subisti

205 1262 279 1326 Hac
294 1281 354 1345 ego
368 1262 396 1325 si
410 1260 584 1345 compellor
598 1262 749 1345 imagine,
764 1274 883 1327 cuncta
898 1282 1044 1347 resign03

206 1362 276 1427 Nec
290 1379 444 1425 somnum
458 1360 560 1444 plebis
576 1361 682 1442 laudo,
698 1372 789 1426 satur
802 1363 951 1444 altilium,
966 1383 1027 1427 neo
1139 1363 1182 1428 35

206 1462 285 1526 Otia
297 1460 419 1525 divitiis
433 1461 582 1525 Arabum
594 1461 755 1527 liberrima
769 1473 869 1525 muto.

204 1561 310 1644 Saepe
325 1558 547 1625 verecundum
561 1560 721 1643 laudasti,
744 1580 866 1643 rexque
880 1572 1035 1645 paterque

205 1658 337 1725 Audisti
350 1677 468 1739 coram,
483 1678 544 1724 nec
558 1661 655 1724 verbo
669 1661 798 1742 parcius
812 1661 948 1724 absens:

206 1758 342 1840 Inspice,
358 1758 386 1820 si
400 1777 533 1842 possum
546 1757 668 1822 donata
682 1777 832 1841 reponere
846 1758 962 1822 laetias.

208 1856 308 1920 Haud
321 1855 407 1920 male
421 1856 653 1937 Telemachus,
668 1856 773 1940 proles
787 1857 938 1939 patieutis
953 1855 1081 1921 Ulixei:
1138 1854 1182 1920 to

206 1954 282 2019 Non
296 1965 345 2019 est
358 1965 455 2039 aptus
468 1957 561 2038 equis
576 1956 688 2020 Ithace
702 1956 802 2036 locus,
817 1965 855 2019 ut
869 1975 975 2038 neque
989 1955 1096 2038 planis

208 2055 376 2119 Porrectus
391 2055 510 2138 spatiis,
525 2074 586 2120 nec
601 2055 724 2120 multae
738 2055 893 2140 prodigus
908 2055 1045 2137 herbae,

206 2132 328 2233 Atride,
342 2154 448 2235 magis
462 2164 539 2237 apta
552 2154 610 2218 tibi
624 2164 683 2219 tua
696 2154 783 2219 dona
797 2154 988 2237 relinquam.

206 2252 351 2316 Parvum
365 2272 465 2335 parva
478 2253 603 2319 decent
646 2253 730 2319 Mihi
739 2257 810 2339 jam
823 2273 889 2319 non
904 2254 992 2337 regie
1006 2253 1122 2333 Roma,

207 2350 275 2417 Sed
289 2370 433 2416 vacuum
447 2352 554 2417 Tibur
568 2352 675 2436 placet
688 2362 747 2417 aut
761 2353 889 2418 imbelle
904 2354 1097 2419 Tarentum
1139 2351 1182 2416 45
1290 2413 1297 2423 .

206 2450 368 2515 Strenuus
381 2462 413 2513 et
426 2450 516 2515 fortis
530 2452 702 2535 causisque
717 2452 888 2537 Philippus
902 2451 1038 2536 agendis

208 2547 335 2630 Clarus,
350 2549 393 2613 ab
406 2548 522 2614 officiis
535 2561 686 2614 octavam
700 2551 823 2615 circiter
836 2552 948 2615 horam

209 2648 301 2712 Dum
315 2647 405 2729 redit,
420 2659 519 2732 atque
533 2651 618 2714 Foro
632 2651 773 2715 nimium
787 2650 905 2714 distare
921 2649 1058 2714 Carinas

209 2747 285 2813 Jarn
299 2748 430 2831 grandis
444 2758 525 2813 natu
539 2750 689 2832 queritur,
705 2751 882 2833 conspexit,
897 2758 935 2811 ut
948 2748 1049 2828 aiunt,

208 2847 375 2911 Adrasum
387 2847 553 2931 quendam
567 2868 674 2913 vacua
688 2848 824 2913 tonsoris
838 2849 872 2911 in
887 2846 1011 2927 umbra,
1141 2845 1185 2909 6⁰

210 2946 351 3011 Gultello
364 2947 505 3031 proprios
519 2960 714 3032 purgantem
725 2948 842 3012 leniter
856 2965 993 3030 ungues.

211 3046 477 3130 Demetri-puer
491 3048 545 3111 hio
559 3067 626 3113 non
641 3048 732 3112 laeve
742 3048 836 3132 jussa
850 3045 992 3129 Philippi

210 3146 501 3230 decipiebat-abi,
516 3168 635 3231 quaere
649 3157 682 3211 et
696 3146 784 3226 refer,
800 3146 887 3211 unde
901 3145 1006 3226 domo,
1021 3144 1103 3227 quis,

210 3245 315 3330 Cujus
329 3244 485 3328 fortunae,
499 3267 565 3330 quo
579 3247 621 3311 sit
634 3256 724 3330 patre
738 3266 844 3329 quove
858 3255 1000 3328 patrono.

210 3344 249 3424 u,
265 3343 346 3407 redit
360 3355 391 3408 et
405 3357 523 3427 narrat,
538 3346 707 3411 Vulteium
720 3345 851 3411 nomine
867 3343 1011 3424 Menam,
1143 3343 1185 3407 55

211 3443 417 3525 Praeconem,
433 3446 523 3510 tenui
536 3465 646 3527 censu,
662 3446 732 3509 sine
746 3445 886 3524 crimine,
901 3453 1024 3524 notum,
1048 3441 1050 3443 ’

211 3543 256 3607 Ε1
270 3563 436 3629 properare
451 3546 520 3609 loeo
534 3557 567 3610 et
580 3566 706 3610 cessare
720 3556 753 3609 et
766 3564 917 3628 quaerere
932 3553 964 3607 et
978 3544 1026 3608 uti

210 3644 418 3711 Gaudentem
431 3648 603 3730 parvisque
619 3646 785 3712 sodalibus
798 3656 831 3711 et
845 3645 912 3711 lare
926 3655 1012 3710 certo

588 3878 630 3931 28.
647 3876 762 3929 nitedula
