2842 4342
509 339 683 393 maara
733 343 853 394 avn.
1115 328 1186 406 28³1

153 496 332 565 Praetereo
346 495 477 579 eapiena
490 506 653 579 argentea
696 498 794 562 Tolle
808 501 973 583 periclum,

155 598 240 664 Jam
253 615 341 679 vaga
354 594 500 678 prosiliet
512 594 611 659 frenis
626 607 744 661 natura
759 600 898 662 remotis.

157 697 263 762 Tune
278 695 360 759 mihi
374 694 537 775 dominus,
552 715 660 759 rerum
674 696 817 779 imperiis
832 698 1065 783 hominumque
1141 705 1184 768 75

159 796 230 860 Tot
243 794 406 875 tantisque
421 794 534 873 minor,
549 813 648 876 quem
662 805 709 859 ter
723 796 868 860 vindicta
881 808 1058 882 quaterque

161 896 321 978 lmpoeia
334 892 426 957 haud
440 913 589 975 unquam
603 894 722 958 misera
736 894 905 960 formidine
919 898 1044 980 privet?

161 993 257 1059 Adde
273 1012 377 1075 super,
392 990 488 1055 dictis
501 991 589 1073 quod
603 1011 669 1056 non
685 992 792 1057 levius
805 994 933 1059 valeat:
954 1017 1042 1077 narn,

161 1092 241 1158 sive
254 1091 398 1156 vicarius
412 1101 470 1172 est,
485 1092 543 1173 qui
557 1111 650 1155 aervo
663 1103 762 1175 paret,
778 1094 827 1157 uti
841 1114 913 1158 moa

160 1191 277 1255 Vester
289 1192 344 1271 ait,
355 1210 414 1255 aeu
428 1209 620 1255 conservus:
635 1192 693 1257 tibi
707 1193 788 1274 quid
803 1213 878 1258 aum
892 1195 973 1277 agol
995 1196 1121 1279 Nempe
1140 1198 1184 1262 8⁰

161 1292 230 1371 Tu,
244 1290 326 1354 mihi
340 1290 398 1372 qui
413 1290 586 1373 imperitas,
602 1290 658 1354 alii
671 1292 772 1355 servia
786 1293 892 1374 miser,
907 1304 1006 1377 atque

161 1390 309 1469 Duceria,
325 1401 363 1453 ut
376 1390 484 1455 nervia
498 1389 613 1453 alienia
626 1390 744 1455 mobile
759 1391 937 1474 lignum-

161 1489 330 1559 Quisnam
344 1488 441 1572 igitur
455 1488 534 1553 liber
542 1489 746 1572 l-Sapiena,
762 1491 824 1556 sibi
837 1492 895 1574 qui
910 1493 1110 1575 imperiosus,

161 1589 276 1659 Quem
284 1607 391 1670 neque
400 1588 568 1671 pauperies
576 1608 683 1671 neque
694 1608 780 1653 mors
790 1610 896 1672 neque
907 1592 1041 1655 vincula
1051 1602 1182 1657 terrent:

161 1687 364 1770 Responaare
378 1686 594 1771 cupidinibus,
609 1698 812 1752 contemnere
827 1690 964 1753 honores
1140 1691 1183 1756 85

162 1788 279 1867 Fortia,
295 1797 327 1851 et
341 1788 375 1851 in
390 1808 425 1850 se
441 1788 510 1870 ipso
523 1797 618 1868 totus,
634 1799 716 1851 terea
730 1798 828 1870 atque
842 1788 1010 1868 rotundus,

161 1887 302 1951 Extarni
316 1906 357 1951 ne
371 1887 451 1970 quid
465 1888 574 1952 valeat
586 1908 643 1972 per
657 1888 729 1951 leve
744 1887 869 1967 morari,

160 1987 202 2050 ln
217 2005 318 2069 quem
331 2006 450 2049 manca
464 1987 527 2050 ruit
541 2006 667 2070 semper
680 1984 819 2050 fortuna
863 1985 1000 2049 Potesne

162 2084 218 2148 Ex
233 2085 295 2166 hia,
312 2095 348 2150 ut
361 2086 533 2169 proprium,
548 2086 629 2169 quid
643 2085 799 2149 noscere?
842 2085 1000 2167 Quinque
1018 2085 1140 2150 talenta

162 2184 464 2266 Poecittemulie13
487 2194 595 2265 vexet,
611 2183 798 2267 foribusque
812 2184 978 2267 repulsum
1138 2187 1182 2251 90

161 2282 333 2347 Perfundit
346 2282 471 2367 gelida3
494 2303 606 2348 ruraua
621 2294 735 2348 vocat:
756 2285 841 2366 eripe
856 2284 940 2367 turpi

160 2381 257 2446 Colla
266 2384 363 2467 jugo:
385 2382 489 2463 Liber,
505 2382 585 2446 liber
599 2402 684 2463 aum,
697 2382 752 2447 (lic
766 2403 826 2466 age
838 2384 846 2446 l
891 2384 965 2448 Non
979 2384 1071 2466 quis:

161 2482 266 2564 Urget
278 2482 367 2545 enim
382 2481 535 2546 dominus
548 2492 692 2546 mentem
706 2501 772 2547 non
787 2483 877 2563 lenis,
892 2493 925 2546 et
938 2503 1029 2546 acres

161 2581 333 2664 Subiectat
346 2581 432 2644 laaao
446 2582 602 2662 summos,
618 2592 789 2665 versatque
804 2593 988 2665 negantem.

162 2679 224 2743 Vel
237 2698 317 2743 cum
330 2680 491 2744 Pausiaca
505 2692 618 2764 torpes,
634 2681 757 2761 insane,
773 2681 900 2759 tabella,
1139 2679 1181 2743 95

162 2780 235 2849 Qut
250 2798 365 2861 peccas
380 2780 490 2843 minus
504 2790 603 2862 atque
616 2800 685 2863 ego,
700 2800 778 2845 cum
793 2779 892 2843 Fulvi
907 2778 1125 2859 Rutubaeque

163 2879 232 2941 Aut
246 2877 432 2942 Pacideiani
445 2888 596 2942 contento
610 2879 729 2962 poplite
744 2878 840 2941 miror

165 2976 301 3056 Proelia,
316 2977 442 3040 rubrica
457 2979 543 3061 picta
557 2989 614 3043 aut
628 2979 775 3057 carbone,
791 2977 882 3040 velut
896 2975 924 3039 ai

163 3077 214 3140 Re
227 3095 306 3139 vera
320 3088 474 3160 pugnent,
490 3077 605 3143 feriant
619 3078 786 3160 vitentque
801 3085 968 3140 moventes

165 3177 267 3239 Arma
281 3175 366 3239 viril
408 3177 561 3260 Nequam
575 3189 607 3241 et
621 3187 763 3241 cessator
777 3177 902 3256 Davus,
918 3186 952 3238 at
966 3176 1034 3258 ipse
1120 3172 1183 3238 100

163 3274 301 3339 Subtilia
314 3286 460 3339 veterum
470 3276 573 3358 Judex
588 3287 620 3340 et
633 3276 772 3340 callidus
787 3274 890 3339 audis.

166 3372 220 3437 Nil
235 3392 305 3456 ego,
321 3374 348 3436 ai
362 3373 463 3438 ducor
477 3375 542 3439 libo
556 3375 722 3439 fumante:
745 3374 803 3437 tibi
817 3374 933 3455 ingens

165 3471 277 3536 Virtus
291 3482 388 3554 atque
403 3474 535 3537 animus
549 3475 657 3538 coenis
672 3482 839 3557 responsat
852 3469 992 3553 opimis?

166 3570 371 3654 Obsequium
385 3573 507 3637 ventris
521 3573 602 3637 mihi
616 3572 826 3657 perniciosius
840 3581 890 3635 est
902 3569 985 3634 curl

510 3803 551 3854 ai.
569 3801 631 3853 ua.
697 3801 738 3852 ea.
754 3802 852 3864 mque.
