2842 4342
519 378 680 432 muer.
729 380 759 432 a
784 380 820 430 v.
1104 359 1173 435 1Βὶ

242 539 353 605 llludo
366 537 496 602 chartis
539 537 611 601 Hoc
624 545 675 600 est
688 534 903 599 mediocribus
916 532 981 598 iliis

243 638 300 703 Ex
314 637 403 701 vitiis
416 654 542 700 mum:
563 631 848 699 euisiconoedere
861 632 953 712 nolis,
1116 633 1178 697 140

246 736 356 802 Mults
369 746 539 820 poetarum
552 735 662 798 veniet
675 751 803 813 manus,
818 731 942 795 auxilio
954 749 1039 812 quse

242 838 295 903 sit
308 836 409 918 mihi;
431 852 511 898 num
524 833 629 899 multo
644 832 753 915 plures
767 849 883 894 sumus
897 849 937 893 ac
951 829 1052 893 veluti
1066 839 1098 892 te

243 934 364 1000 Judeci
376 951 530 1017 cogemus
543 933 579 997 in
592 932 679 996 hanc
693 929 868 995 concedere
883 929 1019 994 turbem

562 1560 723 1623 SA'HRA
748 1561 786 1623 V.

249 1784 430 1868 Egressum
443 1802 567 1867 magna
580 1803 633 1849 me
647 1784 775 1867 excepit
788 1784 896 1847 Aricia
910 1783 1015 1847 Roma

206 1883 356 1967 Hospitio
370 1883 515 1965 modico;
539 1883 644 1947 rhetor
657 1902 766 1947 comes
779 1882 980 1963 Heliodorus,

205 1984 404 2046 Graecorum
417 1983 513 2065 longe
527 1981 743 2045 doctissimus
786 1980 1097 2065 IndeForumAppt,

208 2081 383 2147 Differtum
396 2084 514 2164 nautis,
529 2083 731 2167 cauponibus
745 2092 842 2165 atque
856 2081 1016 2166 malignis

206 2181 279 2246 Hoc
294 2182 353 2245 iter
366 2182 478 2266 ignavi
492 2181 671 2263 divisimus,
687 2181 911 2245 altiusacnos
1160 2181 1181 2245 6

206 2279 404 2345 Praecinctis
419 2299 543 2362 unum,
565 2279 676 2343 minus
689 2289 739 2343 est
752 2279 861 2363 gravis
875 2280 981 2363 Appia
995 2279 1103 2344 tardis

204 2378 269 2441 Hic
284 2398 345 2462 ego
358 2389 483 2462 propter
497 2397 630 2463 aquam,
645 2377 733 2461 quod
746 2388 814 2442 erat
827 2378 1005 2459 deterrima,
1021 2379 1125 2445 ventri

207 2476 322 2540 Indico
335 2477 467 2559 bellum,
482 2488 655 2542 coenantes
669 2477 761 2542 haud
775 2477 884 2543 animo
897 2497 1002 2561 aequo

207 2574 414 2658 Exspectuns
431 2577 574 2640 comites.
617 2576 693 2642 Jam
708 2596 775 2640 nox
789 2575 940 2639 inducere
954 2577 1043 2641 torris

206 2674 348 2739 Umbras
362 2684 395 2738 et
407 2675 496 2739 coelo
512 2674 692 2740 diffundere
707 2675 801 2759 signa
814 2677 957 2758 perabat
1142 2674 1183 2739 10

208 2772 303 2837 Tum
317 2774 408 2856 pueri
421 2774 540 2854 nautis,
555 2775 663 2857 pueris
677 2774 825 2839 convicia
838 2784 959 2837 mutue

207 2870 376 2953 ingerere:
398 2872 473 2936 Huc
488 2873 632 2957 appelle!
676 2873 854 2938 Trecentos
867 2870 1141 2936 insorisi...0he

206 2967 285 3031 Jam
299 2970 378 3033 sutis
391 2970 459 3034 est!
497 2971 588 3035 Dum
602 2991 658 3035 aes
672 2972 821 3054 exigitur,
833 2971 913 3034 dum
927 2970 1019 3033 mula
1033 2970 1159 3054 ligatur,

208 3066 297 3131 'rou
312 3068 380 3131 abit
394 3068 481 3132 hora.
524 3069 605 3134 Mali
619 3070 740 3134 culices
754 3089 917 3152 ranaeque
931 3069 1089 3153 palustres

207 3165 371 3229 Avertunt
384 3186 523 3249 somnos,
539 3170 707 3233 absentem
720 3179 758 3233 ut
771 3179 882 3232 cantat
894 3168 1034 3234 amicam
1142 3167 1184 3232 16

208 3263 318 3327 Multa
331 3264 478 3347 prolutus
491 3286 600 3351 vappa
613 3277 716 3332 nante
730 3277 827 3350 atque
841 3267 944 3330 viator

207 3361 377 3457 ceruum.
417 3365 572 3430 Tandem
585 3366 691 3431 fessus
706 3365 842 3430 dormire
856 3366 959 3429 viator

206 3461 334 3545 Incipit,
349 3483 388 3527 ac
405 3465 524 3530 missae
538 3475 669 3549 pastum
681 3465 859 3530 retinacula
874 3464 983 3528 mulae

207 3558 321 3625 Nauta
335 3563 425 3647 piger
439 3584 520 3629 sexo
533 3566 647 3650 religat
661 3566 827 3648 stertitque
841 3565 986 3648 supinus

513 3763 569 3814 141.
585 3766 682 3825 renim
698 3763 841 3825 multoque

242 3837 270 3889 fl.
281 3855 305 3891 v.
320 3843 342 3891 1.
359 3844 463 3905 woepit.
529 3844 554 3894 3.
570 3843 677 3907 lingue.
743 3843 767 3894 6.
784 3841 874 3894 Nimis.
939 3844 963 3894 7.
979 3842 1113 3896 maine.
