2842 4342
254 339 323 409 112

653 346 855 399 ommuni

417 509 504 572 Cum
518 524 598 589 pace
613 503 792 568 delabentis
806 502 985 566 Etruscum

459 608 498 670 ln
513 624 610 682 mare,
625 623 714 668 nune
728 601 853 685 lapides
867 599 982 665 adesos

378 804 563 887 stirpesque
577 812 685 886 raptas
699 810 732 865 et
745 819 845 883 pecus
858 809 890 863 et
904 798 1018 863 domos

248 950 251 959 ,
377 903 544 969 Volventis
559 921 635 982 une,
650 920 716 965 non
731 901 801 963 sine
815 899 977 964 montium

418 1004 567 1069 Clamore
581 1001 772 1082 vicinaeque
786 998 897 1079 silvae,

462 1103 549 1167 Cum
562 1102 630 1166 sera
644 1099 783 1163 diluvies
797 1099 924 1179 quietos

279 1322 285 1333 ’
378 1301 485 1364 Invitat
498 1317 620 1366 amnes
664 1296 724 1361 Ille
737 1306 850 1380 potens
864 1295 918 1358 sni

378 1398 565 1480 Laetusque
580 1396 682 1479 deget,
698 1395 753 1459 oui
767 1395 842 1459 licet
856 1394 890 1457 in
905 1393 992 1457 diem

423 1496 563 1575 Dixisse,
578 1494 674 1559 Vixi:
696 1513 768 1558 cras
782 1492 835 1556 vel
849 1502 921 1555 ntra

465 1595 559 1660 Nube
573 1594 685 1677 polum
696 1594 973 1678 Patenoeonpsm,

382 1794 440 1857 Vel
455 1794 521 1857 sole
535 1812 632 1876 puro:
654 1810 721 1856 non
735 1801 845 1855 temen
859 1789 993 1868 irritum,

379 1879 611 1976 Quodcunque
625 1902 707 1956 retro
721 1900 778 1970 est,
793 1888 917 1968 efficiet,
933 1906 1040 1970 neque

421 1991 578 2075 Diffinget
591 1991 814 2072 infectumque
827 1986 946 2067 reddet,

463 2089 564 2161 Quod
577 2089 705 2172 fugiens
719 2087 820 2152 semel
834 2087 914 2151 hors
927 2086 1027 2151 vexit.

380 2289 526 2371 Fortuna
540 2304 637 2350 saevo
651 2285 737 2350 laete
750 2287 886 2370 negotio,
901 2297 934 2351 et

379 2385 512 2450 Ludum
526 2385 717 2451 insolentem
731 2385 842 2450 ludere
856 2388 1014 2470 pertinax,

419 2486 636 2551 'l'ransmutat
649 2484 786 2548 incertos
799 2484 944 2565 honores,

464 2584 563 2648 Nune
577 2583 667 2665 mihi,
682 2602 773 2648 nunc
787 2583 844 2647 ulii
856 2583 1007 2665 benigna.

378 2796 494 2862 Laudo
508 2808 715 2862 manentem:
738 2799 766 2860 si
780 2797 898 2861 celeres
912 2797 1019 2880 quatit

378 2896 516 2976 Pennas,
532 2897 659 2979 resigno
673 2916 758 2979 quae
773 2894 869 2976 dedit,
884 2905 917 2959 et
929 2914 1004 2959 mea

419 2995 544 3059 Virtute
558 3015 612 3059 me
626 2995 757 3059 involvo
771 2996 969 3077 probamque

458 3093 654 3176 Pauperiem
668 3093 738 3156 sine
751 3092 826 3156 dote
839 3112 969 3175 quaero.

378 3306 452 3371 Non
465 3317 515 3369 est
527 3323 647 3384 meum,
662 3304 690 3367 si
703 3303 830 3386 mugiat
843 3303 961 3367 Africis

377 3404 487 3469 Malus
500 3403 654 3488 procellis,
670 3401 714 3467 ad
727 3403 861 3466 miseras
875 3421 984 3486 preces

418 3503 594 3567 Decurrere
607 3514 640 3567 et
653 3503 738 3567 votis
751 3501 880 3586 pacisci,

459 3601 511 3665 Ne
525 3603 665 3687 Cypriae
678 3603 867 3688 Tyneeque
879 3620 1002 3669 meroes

679 3814 720 3866 so.
737 3816 831 3879 sym
