2842 4342
265 305 332 377 102
661 317 875 367 sarmarum

261 481 304 544 At
319 476 445 542 Novius
459 474 587 559 collega
600 473 706 557 gradu
720 484 793 557 post
806 492 859 537 me
874 474 964 537 sedet
977 492 1062 556 uno;
1242 474 1288 539 40

260 577 411 657 Namque
422 586 470 638 est
486 572 548 653 ille,
559 584 649 656 pater
660 572 748 656 quod
759 582 827 635 erat
841 572 1060 636 meus-Hoc
1069 572 1127 637 tibi
1142 573 1286 638 Paullus

260 675 304 739 Et
319 673 461 738 Messala
475 671 616 736 videris?
659 674 704 735 At
719 673 780 752 hic,
795 672 823 735 si
837 673 957 755 plostra
972 671 1123 752 ducenta,

262 776 527 855 concurrantque
543 771 610 836 foro
625 772 685 835 tria
699 771 824 851 funera,
839 791 960 854 magna
975 772 1101 835 sonabit

261 875 394 939 Cornua
408 871 497 954 quod
511 872 685 953 vincatque
700 862 816 952 tubes}
840 870 956 934 saltem
970 882 1058 935 tenet
1070 872 1134 935 hoc
1148 891 1217 935 nos

262 972 483 1039 Nuncadme
498 970 593 1035 redeo
608 971 755 1035 libertino
769 982 859 1054 petre
873 982 998 1052 natum,
1240 975 1285 1038 45

261 1075 374 1144 Quem
387 1071 506 1136 rodunt
519 1048 631 1134 omnes
646 1070 793 1134 libertino
807 1081 896 1154 patre
910 1080 1034 1151 netum,

261 1171 368 1250 Nunc,
383 1171 461 1253 quia
475 1189 550 1233 sum
564 1169 629 1249 tibi,
645 1168 828 1249 Maecenas,
844 1169 1014 1249 convictor,
1028 1178 1064 1232 et
1077 1169 1163 1250 olim,

261 1269 363 1340 Quod
377 1270 457 1333 mihi
472 1279 595 1351 pareret
610 1268 693 1351 legio
707 1268 858 1332 Romana
873 1269 1010 1333 tribuno.

262 1369 426 1432 Dissimile
441 1369 503 1431 hoc
518 1368 565 1431 illi
580 1378 646 1432 est:
668 1369 748 1450 quia
761 1387 837 1448 non,
853 1378 890 1432 ut
903 1367 993 1432 forsit
1006 1368 1161 1431 honorem

262 1468 282 1532 J
284 1487 341 1531 ure
355 1467 437 1532 mihi
452 1466 596 1530 invideat
610 1467 728 1549 quivis,
744 1467 790 1531 ita
805 1478 835 1530 te
849 1486 979 1549 quoque
993 1467 1144 1547 amicum,
1239 1469 1285 1534 60

261 1566 452 1630 Praesertim
466 1576 604 1630 cautum
618 1566 734 1649 dignos
749 1586 922 1646 assumere,
936 1586 1037 1649 prava

260 1666 443 1730 Ambitione
457 1665 579 1747 procul.
623 1665 770 1730 Felicem
785 1666 890 1729 dicere
904 1685 969 1729 non
984 1666 1046 1729 hoc

261 1765 316 1828 Me
330 1764 459 1848 possim,
474 1783 555 1828 casu
569 1763 657 1847 quod
671 1776 702 1828 te
718 1765 848 1829 sortitus
863 1766 1027 1846 amicum;

261 1864 362 1929 Nulla
376 1865 496 1927 etenim
509 1864 591 1928 mihi
605 1875 636 1928 te
651 1863 716 1928 fors
730 1864 846 1928 obtulit
858 1886 866 1945 3
888 1865 1029 1947 optimus
1043 1864 1119 1927 olim

260 1962 421 2046 Virgilius,
437 1973 509 2046 post
522 1964 613 2027 hunc
628 1962 746 2027 Varius
761 1962 873 2027 dixere
887 1962 968 2045 quid
982 1983 1096 2027 essem
1238 1965 1283 2030 ⁵⁶

261 2060 307 2124 Ut
320 2062 395 2127 veni
410 2080 527 2141 coram,
544 2060 714 2143 singultim
727 2079 836 2143 pauca
852 2061 988 2142 locutus,

261 2159 375 2222 Infans
390 2179 532 2242 namque
546 2159 650 2243 pudor
663 2159 853 2243 prohibebat
864 2161 960 2243 plura
973 2160 1098 2243 profari,

262 2258 337 2322 Non
351 2278 411 2342 ego
425 2279 477 2321 me
492 2259 579 2322 claro
592 2271 708 2324 natum
722 2271 820 2342 patre,
835 2278 902 2324 non
916 2279 976 2342 ego
990 2260 1113 2324 circum

262 2358 317 2421 Me
331 2357 523 2422 Satureiano
537 2360 658 2423 vectari
672 2378 750 2422 rura
763 2359 898 2438 caballo,

260 2455 335 2536 Sed,
351 2456 438 2539 quod
451 2477 549 2539 eram,
564 2477 667 2522 narro.
711 2456 909 2540 Respondes,
925 2468 962 2521 ut
977 2468 1055 2521 tuus
1069 2468 1118 2521 est
1132 2478 1212 2539 mos,
1239 2458 1283 2522 60

263 2554 391 2639 Pauca3
415 2556 513 2638 abeo;
536 2568 568 2620 et
582 2576 715 2621 revocas
730 2575 815 2620 nouo
829 2566 901 2638 post
915 2575 1026 2620 mense
1035 2558 1198 2640 jubesque

263 2654 346 2717 Esse
360 2655 394 2717 in
409 2656 587 2720 amicorum
601 2674 746 2718 numero.
792 2655 953 2737 Magnum
967 2656 1029 2718 hoc
1044 2674 1103 2738 ego
1118 2654 1213 2735 duco,

261 2755 363 2824 Quod
376 2755 485 2839 placui
500 2756 565 2836 tibi,
581 2756 637 2839 qui
653 2756 738 2837 turpi
753 2754 891 2818 secernis
905 2754 1089 2834 honestum,

262 2854 338 2920 Non
351 2866 440 2938 patre
455 2855 627 2939 praeclare,
642 2854 699 2918 sed
714 2855 783 2918 vite
796 2864 829 2917 et
842 2864 967 2936 pectore
981 2873 1070 2936 puro.

262 2955 362 3037 Atqui
377 2955 404 3018 si
419 2957 505 3020 vitiis
520 2955 734 3019 mediocribus
749 2973 877 3027 acmes
890 2953 1005 3036 paucis
1239 2953 1283 3016 66

263 3053 422 3118 Meudosa
436 3065 485 3118 est
498 3065 623 3135 natura,
639 3053 761 3136 alioqui
776 3064 870 3133 recta,
886 3053 977 3116 velut
991 3052 1018 3115 si

263 3152 403 3236 Egregie
417 3154 576 3237 inspersos
590 3151 807 3236 reprehendas
821 3171 949 3234 corpore
964 3169 1093 3229 naevos,

262 3250 299 3314 Si
314 3270 420 3333 neque
434 3252 605 3319 avaritiam
619 3270 725 3333 neque
740 3249 850 3315 sordes
864 3260 923 3313 aut
937 3249 1026 3312 mala
1040 3249 1143 3312 lustra

264 3349 400 3433 Objiciet
414 3369 488 3415 vere
502 3351 678 3433 quisquam
687 3350 783 3430 mihi,
798 3368 900 3432 purus
914 3360 947 3412 et
961 3349 1081 3427 insons,

263 3446 309 3511 Ut
323 3466 375 3511 me
390 3448 583 3530 collaudem,
599 3450 626 3513 si
641 3459 673 3512 et
687 3449 764 3512 vivo
778 3468 874 3512 carus
889 3447 1021 3527 amicis;
1240 3443 1285 3509 70

348 3689 385 3743 47.
404 3692 524 3754 quiasirn
590 3696 632 3745 te.
649 3693 738 3745 forsan.
804 3693 845 3744 5³.
862 3708 969 3756 poenis.
1035 3692 1077 3750 66,
1092 3691 1206 3754 alioquin·

478 3773 517 3824 67.
535 3773 673 3834 reprendas.
741 3773 782 3825 68.
799 3773 922 3834 romulu
938 3772 1070 3824 necmeh.
