2842 4342
558 344 823 397 atamen.

349 500 493 566 Imbellis
506 520 546 565 ae
561 501 676 565 firmus
689 501 829 584 parumi

306 601 424 666 Comes
438 599 561 665 minore
575 620 651 664 sum
665 600 796 665 futurus
810 600 845 665 in
859 610 957 683 metu,

349 702 419 773 Qui
433 703 535 784 major
547 701 697 764 absentes
712 699 831 780 habet3

309 800 361 881 Ut,
375 800 522 864 assidens
536 799 750 883 implumibus
763 800 870 883 pullis,
885 800 957 864 avis

348 898 551 981 Serpentium
565 898 715 980 allapsus,
727 898 819 961 timet

311 996 414 1079 Magis
427 997 554 1076 relictis,
569 1015 644 1076 non,
659 1006 696 1060 ut
710 995 804 1077 adsit,
819 995 924 1061 aumlt

349 1095 471 1160 [stura
485 1095 560 1179 pius
574 1096 804 1179 praesentibus.

311 1193 458 1258 Libenter
470 1194 534 1258 hoe
546 1202 580 1257 et
593 1213 690 1257 omne
704 1193 895 1258 militabitur

348 1292 476 1358 Bellum
490 1296 524 1357 in
538 1304 615 1357 tuae
629 1312 721 1376 spem
735 1294 864 1377 gratiae,

310 1391 382 1457 Nou
395 1402 433 1456 ut
441 1393 593 1476 juvencis
607 1392 732 1475 illigata
745 1392 891 1476 pluribus

348 1492 720 1571 Aratranitanturmea,
965 1575 967 1581 Α

308 1589 451 1653 Peeusve
466 1590 613 1655 Calabris
627 1598 702 1654 ante
717 1589 809 1654 sidus
823 1589 984 1655 fervidum

347 1689 484 1753 Lucana
497 1699 602 1754 mutet
615 1690 755 1772 pascuis,
896 1732 899 1738 Δ

276 1848 280 1853 .
306 1787 420 1870 Neque
434 1798 472 1852 ut
485 1787 710 1871 supemi·villa
723 1786 867 1851 candens
881 1788 1021 1852 Tusculi

350 1887 484 1951 Circaea
497 1896 611 1971 tangat
624 1887 762 1951 moenia
1153 1886 1197 1952 30

306 1986 391 2052 Satis
406 2006 566 2069 superque
580 2006 632 2050 me
647 1987 830 2070 benignitas
844 1996 902 2050 tua

347 2086 491 2150 Ditavit:
514 2085 605 2150 haud
619 2105 783 2170 paravero,

307 2185 407 2257 Quod
421 2196 479 2250 aut
492 2205 621 2266 avarus,
632 2196 671 2249 ut
684 2186 848 2266 Chremes,
860 2196 942 2250 terra
956 2205 1110 2269 premam,

346 2285 532 2350 Distinetus
546 2297 606 2350 aut
618 2284 752 2370 perdam
766 2305 873 2369 nepos.

562 2811 743 2875 cauum<
773 2813 817 2875 11.

167 3042 174 3069 ¹
307 3036 424 3099 Beatus
439 3036 501 3115 iile,
516 3037 573 3119 qui
587 3037 698 3119 procul
713 3038 857 3120 negotiis,

346 3132 391 3198 Ut
404 3136 509 3217 prisea
523 3154 603 3217 gens
617 3136 811 3216 mortalium,

307 3235 442 3299 Paterna
456 3256 531 3299 rura
544 3236 648 3300 bobus
662 3245 790 3298 exercet
804 3235 882 3314 suis,
990 3226 994 3231 ⁴

347 3334 480 3398 Solutus
495 3335 583 3398 omni
599 3333 735 3412 foenore,

310 3432 418 3515 Neque
432 3434 593 3497 excitatur
606 3433 742 3497 classico
757 3430 849 3494 miles
864 3430 954 3512 truci,
1172 3433 1194 3499 ὅ

346 3531 459 3615 Neque
474 3533 580 3596 horret
595 3534 714 3596 iratum
728 3550 825 3609 mare,

348 3730 389 3781 21.
406 3734 502 3782 nenati
512 3734 554 3782 sit.
651 3730 693 3782 26.
711 3732 781 3781 meis.
878 3730 919 3781 28.
935 3745 1032 3792 m

309 3811 657 3877 29.Nx;npui,aomj.
772 3809 1062 3873 ³⁴.perdemutuepaa
