2842 4342
509 331 682 383 mnan
732 329 817 382 RI-

203 489 432 572 Jurandaaque
446 497 542 553 tuum
554 508 611 573 per
623 507 742 553 nomen
756 488 908 571 ponimus
922 509 1005 571 aras,

205 590 260 655 Nil
273 591 431 654 oritanum
445 587 538 668 alias,
552 588 600 652 nil
614 598 721 652 ortum
735 588 800 651 tale
815 587 961 654 fatentes.

203 690 270 757 Sed
284 700 362 754 tuus
376 689 430 753 hic
443 686 593 771 populus,
609 689 740 771 sapiens
753 697 787 751 et
794 688 905 772 justus
919 690 954 754 in
968 709 1044 772 uno,

205 789 258 854 'l’e
271 788 389 852 nostris
402 787 550 868 ducibus,
566 797 597 851 te
612 787 719 851 Graiis
733 786 948 870 anteferenda,

205 890 321 953 Cetera
334 906 545 970 nequaquam
559 886 658 951 simili
672 888 795 952 ratione
809 887 970 970 modoque
1136 891 1180 957 20

203 989 372 1068 Aestimat,
386 997 428 1067 et,
442 987 505 1052 nisi
519 1005 604 1070 quae
619 987 708 1050 terris
723 996 848 1050 semota
862 987 996 1069 suisque

204 1087 421 1172 Temporibus
435 1085 591 1151 defuncta
603 1085 700 1167 videt,
716 1085 841 1150 fastidit
854 1096 887 1149 et
900 1085 985 1150 odit:

204 1188 260 1254 Sic
273 1186 380 1252 fautor
393 1196 548 1267 veterum,
563 1195 602 1250 ut
616 1185 745 1250 tabulas
758 1205 891 1269 peccare
905 1196 1061 1268 temutes,

203 1288 301 1359 Quas
315 1287 365 1351 bia
379 1286 524 1370 quinque
538 1285 601 1350 viri
614 1295 802 1368 ramerum,
820 1285 949 1351 foedera
962 1305 1077 1371 regum

205 1387 264 1452 Vel
278 1386 391 1451 Gabiis
405 1386 458 1450 vel
472 1404 551 1451 cum
564 1384 677 1470 rigidis
690 1395 832 1469 aequata
845 1386 985 1468 Sabinis,
1136 1387 1180 1451 25

205 1485 403 1553 Pontificum
416 1485 521 1567 libros,
535 1504 662 1550 amosa
674 1486 843 1550 volumina
857 1496 981 1566 vatum,

205 1586 337 1650 Dictitet
349 1585 477 1650 Albano
492 1585 608 1650 Musas
622 1586 657 1650 in
670 1595 780 1649 moute
794 1585 927 1649 locutaa

204 1686 249 1765 Si,
264 1685 344 1768 quia
357 1685 554 1750 Graecorum
568 1695 646 1750 sunt
659 1685 887 1767 antiquissima
900 1701 1049 1766 quaeqae

206 1786 333 1868 Scripta
346 1785 399 1848 vel
413 1784 543 1868 optima,
557 1784 699 1850 Romani
713 1793 891 1866 pensantur
904 1782 1020 1846 eadem

205 1885 379 1969 Scriptores
394 1885 523 1966 uutiua,
538 1903 605 1949 non
619 1882 771 1966 estquod
784 1882 890 1946 multa
904 1882 1095 1966 loquamur:
1137 1883 1181 1947 30

206 1983 261 2048 Nil
274 1986 360 2049 iutra
372 1994 423 2049 est
435 1984 550 2065 oleam,
565 1984 612 2049 nil
626 1993 720 2047 extra
733 1992 783 2046 est
797 1982 832 2046 in
846 2002 931 2047 nuce
945 1982 1036 2047 duri:

207 2083 362 2148 Venimus
376 2083 420 2146 ad
435 2102 603 2148 summum
616 2082 772 2163 fortunae,
787 2082 952 2166 pingimus
965 2092 1064 2166 atquo

206 2183 381 2247 Psallimus
395 2193 428 2247 et
441 2182 604 2248 luctamur
617 2183 754 2247 Achivis
768 2183 895 2248 doctius
910 2183 1026 2248 unctis.

204 2283 241 2348 si
255 2283 389 2348 meliora
402 2283 480 2364 dies,
496 2294 532 2348 ut
547 2283 634 2363 vina,
649 2293 799 2365 poemata
813 2282 925 2365 reddit,

204 2383 294 2447 Scire
307 2382 416 2463 velim,
431 2383 552 2447 chartis
565 2382 704 2465 pretium
718 2394 838 2465 quotus
852 2392 977 2466 arroget
989 2401 1107 2448 annua
1137 2382 1181 2447 35

205 2482 353 2565 Scriptor,
368 2480 490 2547 abhinc
503 2502 608 2547 annos
621 2492 755 2547 centum
768 2484 826 2566 qui
840 2482 968 2563 decidit,
983 2482 1066 2547 inter

208 2581 366 2646 Perfectus
380 2578 568 2665 ueteresque
581 2582 689 2646 referri
704 2581 806 2664 debat,
822 2602 866 2648 an
881 2583 964 2646 inter

208 2680 295 2744 Viles
308 2691 407 2765 atque
421 2682 546 2746 noros?
589 2682 758 2747 Excludat
767 2683 875 2766 jurgia
889 2681 1016 2745 finis.-

209 2778 270 2843 Eat
282 2790 378 2844 vetus
392 2789 490 2862 atque
503 2781 631 2863 probus,
646 2791 779 2845 eentum
793 2781 850 2861 qui
864 2779 988 2863 perficit
1001 2796 1158 2843 annoa-

206 2878 309 2960 Quid
322 2880 381 2963 qui
395 2880 527 2963 deperiit
540 2880 646 2944 minor
660 2898 727 2944 uno
741 2898 853 2943 mense
866 2878 921 2941 vel
935 2895 1030 2958 anno,
1138 2876 1182 2941 40

207 2979 296 3044 luter
309 2998 393 3061 quoa
406 2978 591 3045 reserandus
604 2978 690 3043 eritl
711 2988 876 3041 veteresne
889 2984 1008 3059 poetas,

207 3079 261 3143 Au
275 3097 358 3161 quos
371 3089 404 3143 et
416 3098 568 3161 praeseus
582 3089 615 3142 et
628 3088 757 3162 postera
770 3087 901 3161 respuat
914 3085 1006 3140 aetas
1014 3075 1074 3140 l-

206 3177 271 3241 lste
285 3177 418 3261 quidem
433 3188 556 3242 veteres
570 3177 653 3242 iuter
665 3188 803 3261 ponetur
817 3177 959 3255 honeste,

206 3277 277 3348 Qui
290 3276 344 3341 val
358 3296 471 3343 mense
484 3278 574 3343 brevi
588 3278 641 3341 rel
656 3287 721 3342 toto
735 3287 785 3342 est
794 3276 903 3361 junior
916 3293 1058 3339 anuo.-

206 3375 287 3440 Utor
296 3376 465 3459 permisso,
478 3376 668 3460 caudaeque
682 3377 765 3460 pilos
778 3386 816 3440 ut
829 3374 968 3458 equinae
1139 3372 1182 3437 45

206 3474 385 3540 Paullatim
398 3475 492 3557 vello,
506 3486 539 3539 et
553 3475 648 3541 demo
662 3495 777 3557 unum,
792 3476 888 3540 demo
901 3484 934 3538 et
948 3474 1026 3538 item
1040 3491 1153 3554 uuum,

190 3574 299 3659 ,Dum
311 3574 411 3641 cadat
423 3576 536 3641 elusus
550 3577 672 3641 ratiorm
685 3575 808 3641 ruentis
822 3574 938 3656 acervi,

338 3802 401 3855 El.
414 3805 453 3856 16.
470 3821 569 3867 numen,
581 3805 697 3859 Oreilirta
762 3805 803 3857 aa
821 3809 910 3866 etiam
925 3805 1018 3857 itidem.
