2842 4342
474 417 632 470 mnne
682 417 819 469 axvi
1079 397 1151 493 267

180 576 281 658 Velle,
297 575 355 641 sed
367 585 406 640 nt
418 575 553 639 veniens
567 574 720 639 dextnrm
733 574 819 638 latus
833 574 994 659 adspiciat
1010 576 1067 659 soi,

178 677 330 743 Laevum
343 675 513 739 discedens
525 694 622 738 curru
636 674 781 758 fugiente
794 684 933 757 vaporet

179 776 388 860 Temperiem
402 774 529 839 laudes.
573 773 674 854 Quid,
691 774 720 837 si
733 772 913 837 rubicunda
926 775 1057 858 benigni

180 876 290 940 Coma
303 893 416 958 vepres
430 881 463 937 et
476 892 581 956 pruna
594 872 721 936 ferenti
744 873 772 936 si
786 892 924 955 quercus
938 884 970 937 et
984 874 1049 938 ilex

180 975 289 1040 Multa
302 973 396 1056 fruge
410 991 518 1056 pecus,
532 971 638 1036 multa
651 971 821 1036 dominum
831 974 924 1057 juvet
938 974 1077 1039 umbra?
1113 977 1154 1040 10

181 1074 283 1138 Dicas
298 1072 478 1136 adductum
491 1072 621 1156 propius
635 1071 780 1137 frondere
795 1073 986 1136 Tarentum

181 1174 272 1237 Fons
287 1172 385 1236 etiem
398 1172 469 1235 rivo
481 1171 558 1235 dare
571 1189 691 1236 nomen
704 1171 850 1251 idoneus,
866 1181 904 1235 ut
918 1191 980 1235 nee

181 1271 341 1356 Frigidior
355 1271 523 1336 Thracem
536 1290 597 1334 nee
610 1271 720 1354 purior
732 1272 856 1335 ambiat
868 1272 1005 1352 Hebrus,

181 1370 317 1436 Infirmo
330 1371 429 1454 capiti
442 1370 518 1434 fluit
531 1369 629 1450 utilis,
645 1370 734 1433 utilis
748 1370 832 1433 alvo.

181 1469 255 1533 Hae
270 1468 410 1534 latebrae
424 1468 545 1549 dulces,
560 1469 667 1549 etiam,
682 1469 836 1549 sinodis,
852 1489 1017 1551 amoenae,
1112 1471 1154 1536 15

182 1568 386 1634 Incolumem
401 1569 458 1633 tibi
474 1587 526 1633 me
540 1578 704 1652 praestent
717 1570 959 1653 Septembribus
972 1570 1068 1634 horis.

182 1668 241 1732 Τιι
253 1679 339 1732 reete
351 1668 448 1749 virm,
463 1668 601 1732 sicurae
613 1688 693 1748 esse,
708 1666 797 1751 quod
811 1667 915 1731 audis.

183 1768 351 1834 iactamus
359 1769 430 1852 jam
443 1766 567 1851 pridem
580 1764 686 1832 omnis
700 1778 733 1830 te
748 1767 854 1831 Roma
867 1768 1017 1830 beatum:

181 1867 249 1933 Sed
262 1886 379 1947 vereor,
394 1886 436 1931 ne
449 1860 559 1932 eui'de
571 1878 604 1930 te
617 1866 693 1950 plus
706 1885 807 1950 quam
822 1866 879 1930 tibi
893 1865 1014 1946 credas,

184 1966 276 2031 Neve
289 1976 383 2050 putas
397 1965 500 2030 alium
514 1966 658 2049 sapiente
672 1965 821 2048 bonoque
834 1965 968 2028 beatum
978 1985 997 2027 :·
1111 1964 1155 2028 20

184 2065 267 2146 Neu,
283 2066 311 2129 si
325 2076 356 2129 te
369 2065 508 2149 populus
523 2084 642 2129 mum
654 2075 804 2147 reeteque
818 2064 980 2128 valentem

184 2165 325 2245 Dietitet,
340 2164 503 2229 ooeulnm
515 2164 630 2229 febrim
644 2165 706 2228 sub
719 2172 847 2248 tempus
861 2163 977 2229 edendi

186 2263 389 2344 Dissimulet,
404 2263 508 2328 donee
521 2264 674 2328 menibus
688 2272 805 2328 tremor
818 2264 940 2328 ineidat
954 2264 1069 2328 unctis.

182 2362 365 2429 Stultorum
378 2363 526 2426 incurata
539 2362 643 2446 pudor
655 2363 764 2428 malus
778 2363 887 2428 ulcera
901 2363 993 2428 celat.

183 2463 221 2528 Si
235 2463 310 2545 quie
323 2461 410 2527 bella
423 2462 482 2526 tibi
496 2471 578 2526 terre
591 2472 737 2545 pugnata
750 2464 896 2546 marique
1113 2463 1157 2525 25

184 2562 292 2641 Dieet,
306 2562 403 2625 ethis
418 2562 523 2625 verbis
536 2580 660 2626 vacuas
673 2562 871 2645 permulceat
885 2581 997 2625 aures:

187 2659 279 2724 Tene
293 2661 398 2745 magis
412 2661 542 2725 salvum
555 2660 695 2745 populus
708 2661 796 2742 velit,
811 2681 854 2725 an
869 2660 1025 2744 populum
1040 2671 1085 2739 tu,

185 2760 300 2826 Servet
313 2760 348 2824 in
362 2760 523 2844 ambiguo,
538 2761 595 2844 qui
608 2761 748 2826 consulit
762 2770 795 2823 et
809 2761 866 2823 tibi
880 2768 912 2822 et
927 2759 1010 2838 urbi,

186 2859 329 2942 Jupiter;
352 2860 493 2943 Augusti
508 2859 622 2924 laudes
636 2878 808 2944 agnoscere
822 2858 944 2940 possis:

187 2960 404 3041 Competeris
418 2960 547 3042 sapiens
561 2960 817 3041 emendatusque
831 2956 947 3035 vocari,
1116 2954 1160 3017 30

188 3058 419 3141 Respondema
434 3070 499 3138 tuo,
514 3058 566 3123 die
577 3059 684 3139 sodes,
699 3057 853 3122 nomine?
895 3056 1020 3139 Nempe

188 3157 245 3222 Vir
258 3158 363 3221 bonus
377 3169 409 3222 et
422 3157 563 3241 prudens
577 3157 641 3222 diei
655 3158 794 3222 delector
807 3177 867 3241 ego
881 3176 920 3219 ae
934 3166 980 3219 tu.

188 3257 260 3328 Qui
273 3256 362 3321 dedit
376 3258 437 3321 hoe
452 3256 556 3339 hodie,
571 3277 651 3338 cras,
667 3257 694 3320 si
708 3256 803 3337 volet,
820 3255 960 3326 auferet:
983 3264 1028 3334 nt,
1044 3254 1072 3316 si

189 3355 349 3420 Detulerit
362 3356 467 3420 fasces
480 3357 622 3440 indigno,
637 3355 783 3419 detrahet
797 3355 892 3418 idem.

192 3454 287 3534 Pone,
303 3473 416 3518 meum
429 3465 485 3535 est,
501 3456 624 3538 inquit3
647 3473 731 3538 pono
746 3454 907 3534 tristisque
922 3450 1042 3514 recedo.
1120 3450 1162 3515 35

191 3550 284 3616 Idem
298 3553 326 3615 ai
339 3552 459 3617 elamet
473 3552 585 3634 furem,
601 3563 695 3637 neget
709 3572 780 3615 esse
795 3551 957 3634 pudicum,

192 3651 376 3716 Contendet
391 3652 508 3736 laqueo
521 3653 641 3717 collum
656 3654 807 3735 pressisse
822 3662 1007 3734 paternum3

373 3880 403 3932 Β.
414 3882 463 3931 xvi.
475 3883 499 3932 8.
516 3883 627 3944 benigne.
693 3880 768 3937 9.10.
787 3880 947 3940 ferientium
