2842 4342
674 360 822 414 monuit

327 523 514 603 Forumqne
528 519 618 599 vitat,
634 529 668 582 et
681 519 821 603 superba
833 519 958 591 civium

372 618 592 684 Potentiorum
606 617 730 681 limina.

328 719 419 802 Ergo
433 727 492 782 aut
505 712 620 795 adulte
633 718 752 780 vitium
765 718 939 801 propagine

370 817 464 881 Altus
478 816 609 881 maritat
622 816 767 899 populos,

328 919 397 983 Aut
410 918 445 980 in
458 916 593 981 reducta
607 915 693 979 valle
708 916 929 998 mugientium

374 1017 560 1099 Prospectat
573 1024 715 1078 errantes
730 1034 861 1099 greges:

330 1115 532 1197 inutilesque
546 1113 629 1177 falce
643 1133 751 1177 ramos
765 1124 949 1198 amputans,

373 1214 546 1278 Feliciores
561 1213 671 1277 inserit
683 1235 691 1294 3

328 1314 395 1377 Aut
408 1332 518 1396 pressa
531 1312 621 1395 puris
634 1311 733 1375 mello
747 1311 859 1375 condit
874 1312 1047 1395 amphoris,

370 1413 438 1475 Aut
452 1410 568 1474 tondet
581 1409 728 1475 infirmas
742 1429 839 1491 oves;

328 1510 396 1590 Vel,
411 1528 489 1574 cum
502 1509 656 1574 decorum
670 1510 804 1574 mitibus
818 1510 924 1593 pomis
942 1519 1044 1594 caput

373 1610 584 1673 Auctnmnus
597 1609 684 1692 agris
697 1609 824 1690 extulit,

331 1708 378 1772 Ut
391 1707 513 1791 gaudet
526 1708 657 1772 insitiva
671 1707 846 1792 decerpens
862 1727 953 1792 pyra,
974 1708 990 1737 ·'

377 1807 563 1872 Certantem
577 1817 610 1871 et
623 1825 727 1871 nvem
740 1826 909 1891 purpurae,

331 1906 412 1977 Qua
425 1917 617 1971 muneretur
631 1917 671 1987 te,
686 1907 810 1990 Priape,
825 1916 858 1971 et
871 1917 911 1988 te,
926 1916 1016 1990 peter

375 2005 517 2086 Silvano,
533 2016 618 2070 tutor
633 2004 771 2070 finium!

332 2102 426 2167 Libet
434 2105 541 2187 jacere
556 2103 652 2168 modo
667 2105 729 2168 sub
742 2105 879 2187 antiqua
893 2104 974 2186 ilice,

375 2199 473 2266 Modo
487 2203 522 2265 in
536 2203 642 2267 tenaci
657 2204 812 2286 gramine.

333 2300 505 2364 Labuntur
519 2301 594 2365 eltis
608 2302 736 2366 interim
750 2303 827 2387 ripis
840 2322 955 2385 aquae,

374 2399 567 2470 Queruntur
581 2401 615 2464 in
630 2401 721 2465 silvis
736 2421 822 2481 aves,

332 2499 518 2581 Fontesque
532 2499 675 2583 lymphis
689 2500 880 2582 obstrepunt
894 2499 1110 2579 manantibus,

379 2599 518 2662 Somnos
532 2598 619 2682 quod
635 2600 749 2664 invitet
763 2600 860 2664 leves.

339 2699 381 2761 At
393 2717 471 2761 cnm
485 2699 627 2764 tonantis
641 2718 750 2763 annus
764 2699 918 2763 hibernus
932 2698 1022 2761 Jovis

377 2797 499 2860 Imbres
513 2798 670 2880 nivesque
684 2807 858 2882 comparat,

334 2897 402 2959 Aut
415 2895 515 2960 trudit
529 2917 618 2961 acres
632 2898 710 2961 hinc
725 2909 757 2961 et
771 2898 848 2961 hinc
864 2897 969 2961 mults
983 2915 1065 2960 cane

383 2996 486 3077 Apros
501 2997 536 3060 in
550 2998 713 3060 obstantes
728 2996 850 3081 plagas,

337 3093 405 3158 Aut
418 3094 518 3157 amite
532 3095 597 3158 levi
611 3115 683 3159 rara
697 3095 801 3160 tendit
813 3095 902 3177 retia,

380 3192 505 3257 Turdis
519 3193 673 3258 edacibus
687 3194 787 3276 dolos,

338 3291 566 3376 Pavidumque
581 3293 721 3378 leporem
732 3304 764 3357 et
774 3293 938 3359 advenam
948 3294 1064 3376 laqueo
1075 3310 1187 3376 gruem
1229 3291 1271 3356 35

379 3389 534 3455 Jucunda
547 3403 656 3476 captat
670 3394 822 3476 praemia.

336 3488 424 3558 Quis
438 3509 504 3554 non
518 3492 689 3573 malarum,
704 3512 787 3575 quas
802 3511 893 3556 amor
907 3511 1002 3555 curas
1016 3490 1122 3569 habet,

379 3587 470 3651 Haec
485 3589 567 3652 inter
580 3591 804 3655 obliviscitur?

325 3752 536 3806 uuluam.
601 3756 642 3807 21.
662 3757 731 3818 Quia
797 3759 920 3811 iliosis
986 3759 1027 3810 27.
1045 3756 1206 3819 heodem

560 3836 599 3886 θα
616 3840 711 3888 inritet.
779 3840 820 3890 ³7.
837 3842 964 3890 malorum.
