2842 4342
695 359 896 411 onumen

408 515 540 582 Laudat
553 535 629 580 rura
643 517 715 599 sui;
738 535 817 580 mox
831 514 934 583 reiicit
947 526 1032 581 rates

408 612 569 697 Quessas
584 615 733 679 indocilis
747 617 934 700 pauperiem
947 618 1024 700 pati.

408 718 471 781 Est
485 717 542 799 qui
555 735 616 780 nec
630 716 747 779 veteris
761 715 880 798 pocula
893 716 1038 800 Massici,

408 816 477 881 Nec
491 826 615 899 partem
629 814 731 879 solido
745 814 873 878 demere
887 814 928 878 de
942 814 995 879 die

408 915 544 997 Spernit,
560 933 649 978 nunc
663 913 759 977 viridi
772 914 918 977 membra
932 915 995 978 sub
1008 915 1122 979 arbuto

408 1013 544 1094 Stratus,
559 1032 648 1077 nunc
663 1011 706 1075 ad
721 1031 827 1094 aquae
841 1013 914 1077 lene
927 1024 1027 1097 caput
1040 1032 1160 1077 sacrae.

409 1112 531 1176 Multos
544 1121 650 1175 castra
659 1111 824 1194 juvantet
836 1110 917 1175 lituo
932 1113 1029 1176 mbae

409 1210 594 1275 Permixtus
609 1209 898 1292 sonitus,bellaque
911 1211 1070 1275 matribus

409 1310 585 1373 Detestata.
630 1308 744 1372 Manet
757 1308 820 1372 sub
832 1309 913 1373 Jove
928 1307 1043 1392 frigido

408 1408 556 1488 Venator,
572 1418 699 1471 tenerae
713 1406 860 1492 conjugis
874 1407 1051 1490 immemor,

408 1507 476 1572 Seu
490 1507 561 1570 visa
575 1517 625 1569 est
637 1505 756 1570 catulis
770 1524 867 1569 cerva
881 1505 1042 1588 fidelibus,

409 1605 476 1670 Seu
489 1606 576 1688 mpit
589 1615 702 1669 teretes
717 1605 848 1677 Marsus
862 1624 940 1687 aper
953 1605 1077 1689 plagas

409 1706 464 1769 Me
478 1704 649 1768 docturum
662 1702 801 1767 hederae
820 1704 966 1786 praemia
979 1703 1132 1793 frontium

409 1804 475 1869 Dis
489 1803 628 1867 miscent
642 1801 766 1885 superis
779 1823 787 1884 ;
810 1819 863 1865 me
877 1801 1022 1885 gelidum
1036 1824 1157 1870 nemus

409 1902 703 1987 Nympharumque
717 1901 807 1965 leves
820 1920 898 1965 cum
911 1901 1038 1985 Satyris
1051 1904 1140 1968 chori

409 2002 589 2067 Secemunt
602 2000 729 2084 populo,
745 2000 773 2063 si
787 2018 893 2082 neque
908 2000 1003 2065 tibias

409 2100 552 2183 Euterpe
566 2100 703 2179 cohibet,
717 2118 778 2163 nec
793 2099 1012 2183 Polyhymnia

409 2198 573 2263 Lesboum
586 2196 703 2281 refugit
717 2197 845 2263 tendere
859 2197 1015 2265 barbiton.

409 2296 540 2370 Quodsi
553 2316 606 2360 me
619 2296 730 2380 lyricis
745 2297 874 2362 vatibus
888 2297 1011 2379 insons,

410 2396 549 2462 Sublimi
563 2394 677 2460 feriam
690 2395 796 2461 sidera
809 2396 937 2461 vertice.
990 2452 997 2461 .

667 2909 848 2972 OARMEN
876 2908 921 2970 II.

491 3088 545 3131 ΔΙ)
582 3086 813 3132 CAESAREM
852 3087 1096 3132 Auous‘ruu.

411 3251 487 3316 lim
501 3228 579 3313 saii's
595 3238 683 3312 erlis
697 3244 785 3310 nivis
798 3242 1009 3343 atqueydirae·

411 3338 586 3413 Grandihis
600 3344 687 3412 misit
701 3347 805 3428 Pater,
820 3356 853 3411 et
863 3347 1000 3410 'rubente

413 3448 556 3511 Dextera
571 3467 679 3535 sacras
688 3447 854 3532 jaculatus
868 3465 958 3511 arces

496 3542 627 3609 Terruit
641 3547 771 3628 Urbem,

485 3743 796 3808 inerrertaeoujeetm
900 3744 1117 3808 aelidem}
1221 3782 1225 3795 .

385 3826 427 3877 85.
444 3822 546 3884 Imeres,
559 3823 674 3875 ονιῑιεω.
741 3823 782 3874 ³8.
800 3823 923 3875 sebum
989 3823 1019 3872 c.
1030 3825 1058 3873 lt.
1069 3822 1093 3873 2.
1111 3822 1213 3875 rubeuu
