2842 4342
522 424 680 476 umk
730 426 838 475 Ul.
1109 414 1180 483 251

202 586 328 650 Porcus
341 582 385 646 ob
397 581 526 646 heiedis
539 600 653 646 cusam
666 583 870 664 nimiumque
884 602 1026 663 severus,

201 682 482 749 desidetinnnc:
504 680 928 765 potereetspergerefloree

202 784 373 866 Incipiam,
388 781 557 865 patiorque
570 780 625 843 vel
637 780 843 844 inconsultus
857 781 977 845 heberi
1140 785 1181 848 15

201 882 297 954 uuiu
312 900 381 945 uon
393 880 531 944 ebrietas
544 878 719 962 designati
762 880 883 963 Operis
896 880 1039 960 recludit,

199 984 285 1066 Spes
294 981 390 1066 jubet
403 999 475 1043 esse
489 990 585 1059 istus
600 979 644 1042 ud
658 980 779 1062 pioeliu
795 980 894 1044 trudit
908 982 1063 1063 iuertm3

200 1082 357 1148 Sollicitis
371 1080 491 1144 animis
504 1098 589 1143 ouus
602 1080 726 1159 eximit,
741 1079 879 1143 addocet
892 1091 987 1144 artes

201 1179 354 1246 Fecundi
367 1178 486 1243 culices
499 1198 600 1261 quem
612 1198 679 1242 uon
693 1178 796 1242 fecere
810 1178 993 1244 disertum?

201 1282 380 1345 &duecte
392 1298 492 1362 quem
505 1297 572 1342 nou
585 1278 622 1342 in
635 1290 823 1361 paupertate
837 1279 1007 1344 solutum?
1137 1280 1181 1348 2⁰

202 1380 297 1445 Haec
310 1398 373 1463 ego
385 1398 554 1462 procurare
567 1389 601 1443 et
613 1377 750 1442 idoneus
764 1380 901 1462 imperor
913 1390 947 1444 et
958 1400 1026 1445 uon

200 1480 340 1559 Invitis,
355 1498 398 1543 ne
411 1488 504 1562 turpe
517 1478 608 1559 totid,
622 1497 665 1542 ne
678 1478 809 1543 sordide
822 1500 943 1564 mappa

201 1582 361 1663 Corrugct
374 1598 478 1659 uetes,
495 1597 538 1642 ue
551 1598 620 1642 uon
632 1588 666 1642 et
678 1579 855 1642 cantharus
869 1591 902 1643 et
915 1580 996 1645 lanx

203 1678 365 1744 Ostendat
379 1679 437 1742 tibi
450 1689 491 1757 te,
505 1697 547 1741 ne
563 1676 646 1740 lidos
660 1679 743 1741 inter
755 1679 878 1743 amicos

202 1780 262 1859 Sit,
276 1779 334 1862 qui
348 1777 436 1842 dictu
449 1777 534 1842 iores
547 1777 700 1857 eliminet,
716 1789 753 1841 ut
765 1789 930 1860 coeetpar
1137 1780 1181 1843 25

202 1880 432 1962 Junguturque
445 1879 525 1961 puri
568 1878 705 1941 Butram
720 1878 778 1941 tibi
792 1878 1043 1960 Septiciumque,
1230 1866 1238 1881 '

203 1979 250 2043 Et
262 1979 327 2042 uisi
339 1996 443 2041 coena
454 1978 539 2060 prior
552 1978 719 2060 potiorque
733 1976 844 2060 puella
856 1977 1016 2041 Sabinum

202 2078 343 2158 Detinet,
358 2095 544 2158 assumam
567 2075 658 2140 locus
671 2087 722 2140 est
735 2088 768 2140 et
781 2075 928 2159 pluribus
941 2076 1075 2157 umbris,

201 2177 269 2243 Sed
282 2178 382 2241 nimis
395 2188 466 2240 arte
479 2187 631 2261 premunt
643 2176 749 2241 olidae
763 2177 914 2241 convivia
927 2196 1053 2260 caprae

200 2277 269 2358 Tu,
283 2286 403 2360 quotus
417 2296 489 2340 esse
502 2276 593 2357 velis,
607 2278 752 2357 rescribe,
767 2288 800 2341 et
814 2277 910 2341 rebus
923 2277 1052 2342 omissis
1135 2276 1179 2341 30

200 2377 295 2441 Auia
308 2386 492 2441 servantem
505 2376 627 2460 postico
640 2374 718 2440 felle
732 2376 892 2441 clientem

520 2938 736 3004 EPISTOLA
761 2937 818 3000 Vl.

482 3137 540 3181 Ao
571 3137 851 3183 Numclure.

241 3313 297 3379 Nil
312 3313 463 3379 admirari
477 3334 573 3400 prope
587 3336 638 3380 res
653 3325 702 3381 est
717 3335 793 3396 une,
808 3316 949 3396 Numici,

197 3413 349 3497 Solaque,
365 3435 450 3498 quse
464 3419 566 3501 possit
579 3416 684 3481 fucere
700 3427 733 3479 et
747 3436 875 3480 servare
889 3416 1032 3480 beatum

197 3513 298 3578 Hunc
313 3515 415 3580 solem
428 3526 461 3581 et
475 3516 585 3581 stellas
599 3529 631 3581 et
644 3516 833 3581 decedentia
846 3517 940 3579 certis

197 3614 364 3698 Tempora
377 3618 558 3700 momentis,
575 3629 652 3683 sunt
666 3618 723 3700 qui
739 3614 907 3680 formidine
921 3615 1013 3679 nullu

196 3713 318 3779 Imbuti
333 3725 495 3800 spectent:
517 3718 598 3800 quid
611 3737 724 3782 censes
739 3736 876 3781 munera
891 3726 1000 3798 terrae,
1152 3716 1174 3781 ὅ

404 3918 443 3969 u.
459 3921 585 3971 mmm
683 3916 795 3970 uvis
811 3926 929 3982 specu
