<?xml version="1.0" encoding="UTF-8"?>
<!DOCTYPE html PUBLIC "-//W3C//DTD XHTML 1.0 Transitional//EN"
    "http://www.w3.org/TR/xhtml1/DTD/xhtml1-transitional.dtd">
<html xmlns="http://www.w3.org/1999/xhtml" xml:lang="en" lang="en">
 <head>
  <title>
</title>
<meta http-equiv="Content-Type" content="text/html;charset=utf-8" />
  <meta name='ocr-system' content='tesseract 3.04.00' />
  <meta name='ocr-capabilities' content='ocr_page ocr_carea ocr_par ocr_line ocrx_word'/>
</head>
<body>
  <div class='ocr_page' id='page_1' title='image "./workshorace09horagoog_0206.png"; bbox 0 0 2842 4342; ppageno 0'>
   <div class='ocr_carea' id='block_1_1' title="bbox 246 291 827 365">
    <p class='ocr_par' dir='ltr' id='par_1_1' title="bbox 246 291 827 365">
     <span class='ocr_line' id='line_1_1' title="bbox 246 291 827 365; baseline -0.012 0"><span class='ocrx_word' id='word_1_1' title='bbox 246 291 317 365; x_wconf 66' lang='lat' dir='ltr'>MS</span> <span class='ocrx_word' id='word_1_2' title='bbox 680 305 827 359; x_wconf 63' lang='lat' dir='ltr'>smum</span> 
     </span>
    </p>
   </div>
   <div class='ocr_carea' id='block_1_2' title="bbox 351 464 1262 648">
    <p class='ocr_par' dir='ltr' id='par_1_2' title="bbox 351 464 1262 648">
     <span class='ocr_line' id='line_1_2' title="bbox 351 464 1262 551; baseline 0.001 -21"><span class='ocrx_word' id='word_1_3' title='bbox 351 465 467 530; x_wconf 86' lang='lat' dir='ltr'>Gaude</span> <span class='ocrx_word' id='word_1_4' title='bbox 481 474 564 528; x_wconf 86' lang='lat' dir='ltr'>sorte</span> <span class='ocrx_word' id='word_1_5' title='bbox 579 474 655 529; x_wconf 84' lang='lat' dir='ltr'>tua:</span> <span class='ocrx_word' id='word_1_6' title='bbox 676 484 730 530; x_wconf 87' lang='lat' dir='ltr'>me</span> <span class='ocrx_word' id='word_1_7' title='bbox 745 464 900 548; x_wconf 76' lang='lat' dir='ltr'>libertina,</span> <span class='ocrx_word' id='word_1_8' title='bbox 914 483 1022 551; x_wconf 87' lang='lat' dir='ltr'>neque</span> <span class='ocrx_word' id='word_1_9' title='bbox 1036 483 1103 530; x_wconf 92' lang='lat' dir='ltr'>uno</span> <span class='ocrx_word' id='word_1_10' title='bbox 1220 467 1262 531; x_wconf 77' lang='lat'>15</span> 
     </span>
     <span class='ocr_line' id='line_1_3' title="bbox 411 563 892 648; baseline 0.008 -23"><span class='ocrx_word' id='word_1_11' title='bbox 411 565 579 646; x_wconf 61' lang='lat' dir='ltr'>fauente,</span> <span class='ocrx_word' id='word_1_12' title='bbox 594 563 726 648; x_wconf 85' lang='lat' dir='ltr'>Phryne</span> <span class='ocrx_word' id='word_1_13' title='bbox 740 574 892 630; x_wconf 83' lang='lat' dir='ltr'>macerat</span> 
     </span>
    </p>
   </div>
   <div class='ocr_carea' id='block_1_3' title="bbox 615 1123 894 1185">
    <p class='ocr_par' dir='ltr' id='par_1_3' title="bbox 615 1123 894 1185">
     <span class='ocr_line' id='line_1_4' title="bbox 615 1123 894 1185; baseline -0.004 0"><span class='ocrx_word' id='word_1_14' title='bbox 615 1123 795 1185; x_wconf 74' lang='lat' dir='ltr'><strong>GARMEN</strong></span> <span class='ocrx_word' id='word_1_15' title='bbox 825 1123 894 1184; x_wconf 81' lang='lat' dir='ltr'>XV.</span> 
     </span>
    </p>
   </div>
   <div class='ocr_carea' id='block_1_4' title="bbox 580 1322 933 1366">
    <p class='ocr_par' dir='ltr' id='par_1_4' title="bbox 580 1322 933 1366">
     <span class='ocr_line' id='line_1_5' title="bbox 580 1322 933 1366; baseline 0.006 -2"><span class='ocrx_word' id='word_1_16' title='bbox 580 1322 639 1364; x_wconf 75' lang='lat' dir='ltr'>An</span> <span class='ocrx_word' id='word_1_17' title='bbox 675 1322 933 1366; x_wconf 66' lang='lat' dir='ltr'>unsaltan.</span> 
     </span>
    </p>
   </div>
   <div class='ocr_carea' id='block_1_5' title="bbox 353 1497 1265 3670">
    <p class='ocr_par' dir='ltr' id='par_1_5' title="bbox 353 1497 1265 3670">
     <span class='ocr_line' id='line_1_6' title="bbox 355 1497 1042 1581; baseline 0.003 -19"><span class='ocrx_word' id='word_1_18' title='bbox 355 1497 431 1563; x_wconf 84' lang='lat' dir='ltr'>Nox</span> <span class='ocrx_word' id='word_1_19' title='bbox 446 1508 514 1562; x_wconf 87' lang='lat' dir='ltr'>erat</span> <span class='ocrx_word' id='word_1_20' title='bbox 527 1508 560 1561; x_wconf 86' lang='lat' dir='ltr'>et</span> <span class='ocrx_word' id='word_1_21' title='bbox 573 1498 661 1562; x_wconf 85' lang='lat' dir='ltr'>coelo</span> <span class='ocrx_word' id='word_1_22' title='bbox 676 1498 822 1581; x_wconf 81' lang='lat' dir='ltr'><strong>fulgebat</strong></span> <span class='ocrx_word' id='word_1_23' title='bbox 836 1498 916 1563; x_wconf 87' lang='lat' dir='ltr'>iuna</span> <span class='ocrx_word' id='word_1_24' title='bbox 930 1519 1042 1564; x_wconf 88' lang='lat' dir='ltr'>sereno</span> 
     </span>
     <span class='ocr_line' id='line_1_7' title="bbox 415 1597 1004 1679; baseline 0.008 -17"><span class='ocrx_word' id='word_1_25' title='bbox 415 1599 502 1662; x_wconf 83' lang='lat' dir='ltr'>Inter</span> <span class='ocrx_word' id='word_1_26' title='bbox 515 1598 640 1662; x_wconf 88' lang='lat' dir='ltr'>minora</span> <span class='ocrx_word' id='word_1_27' title='bbox 654 1597 767 1679; x_wconf 84' lang='lat' dir='ltr'>sidera,</span> <span class='ocrx_word' id='word_1_28' title='bbox 991 1656 1004 1667; x_wconf 84' lang='grc'><em>,</em></span> 
     </span>
     <span class='ocr_line' id='line_1_8' title="bbox 354 1697 1144 1780; baseline 0.003 -20"><span class='ocrx_word' id='word_1_29' title='bbox 354 1698 441 1761; x_wconf 86' lang='lat' dir='ltr'>Cum</span> <span class='ocrx_word' id='word_1_30' title='bbox 455 1708 499 1778; x_wconf 86' lang='lat' dir='ltr'>tu,</span> <span class='ocrx_word' id='word_1_31' title='bbox 515 1716 708 1780; x_wconf 85' lang='lat' dir='ltr'>magnorum</span> <span class='ocrx_word' id='word_1_32' title='bbox 723 1716 847 1761; x_wconf 90' lang='lat' dir='ltr'>numen</span> <span class='ocrx_word' id='word_1_33' title='bbox 861 1697 989 1761; x_wconf 90' lang='lat' dir='ltr'>laesura</span> <span class='ocrx_word' id='word_1_34' title='bbox 1003 1697 1144 1780; x_wconf 84' lang='lat' dir='ltr'>deorum,</span> 
     </span>
     <span class='ocr_line' id='line_1_9' title="bbox 414 1797 806 1881; baseline -0.003 -20"><span class='ocrx_word' id='word_1_35' title='bbox 414 1797 453 1861; x_wconf 92' lang='lat' dir='ltr'>ln</span> <span class='ocrx_word' id='word_1_36' title='bbox 468 1797 566 1860; x_wconf 84' lang='lat' dir='ltr'>verba</span> <span class='ocrx_word' id='word_1_37' title='bbox 575 1798 709 1881; x_wconf 88' lang='lat' dir='ltr'>jurabas</span> <span class='ocrx_word' id='word_1_38' title='bbox 723 1816 806 1877; x_wconf 86' lang='lat' dir='ltr'>mea,</span> 
     </span>
     <span class='ocr_line' id='line_1_10' title="bbox 355 1895 1263 1979; baseline 0.001 -18"><span class='ocrx_word' id='word_1_39' title='bbox 355 1897 474 1976; x_wconf 84' lang='lat' dir='ltr'>Artius,</span> <span class='ocrx_word' id='word_1_40' title='bbox 489 1905 586 1978; x_wconf 89' lang='lat' dir='ltr'>atque</span> <span class='ocrx_word' id='word_1_41' title='bbox 601 1896 721 1959; x_wconf 83' lang='lat' dir='ltr'>hedera</span> <span class='ocrx_word' id='word_1_42' title='bbox 735 1915 865 1979; x_wconf 87' lang='lat' dir='ltr'>procera</span> <span class='ocrx_word' id='word_1_43' title='bbox 879 1895 1087 1979; x_wconf 81' lang='lat' dir='ltr'>adstringitur</span> <span class='ocrx_word' id='word_1_44' title='bbox 1100 1896 1175 1977; x_wconf 84' lang='lat' dir='ltr'>ilex,</span> <span class='ocrx_word' id='word_1_45' title='bbox 1240 1899 1263 1962; x_wconf 78' lang='grc' dir='ltr'><strong>ὅ</strong></span> 
     </span>
     <span class='ocr_line' id='line_1_11' title="bbox 414 1994 895 2067; baseline -0.004 -8"><span class='ocrx_word' id='word_1_46' title='bbox 414 1996 527 2060; x_wconf 85' lang='lat' dir='ltr'>Lentis</span> <span class='ocrx_word' id='word_1_47' title='bbox 542 1994 722 2058; x_wconf 85' lang='lat' dir='ltr'>adhaerens</span> <span class='ocrx_word' id='word_1_48' title='bbox 736 1995 895 2067; x_wconf 80' lang='lat' dir='ltr'>brachiis:</span> 
     </span>
     <span class='ocr_line' id='line_1_12' title="bbox 355 2093 1122 2179; baseline -0.003 -20"><span class='ocrx_word' id='word_1_49' title='bbox 355 2096 446 2159; x_wconf 87' lang='lat' dir='ltr'>Dum</span> <span class='ocrx_word' id='word_1_50' title='bbox 460 2096 569 2178; x_wconf 88' lang='lat' dir='ltr'>pecori</span> <span class='ocrx_word' id='word_1_51' title='bbox 580 2095 686 2179; x_wconf 83' lang='lat' dir='ltr'>lupus,</span> <span class='ocrx_word' id='word_1_52' title='bbox 701 2105 734 2157; x_wconf 88' lang='lat' dir='ltr'>et</span> <span class='ocrx_word' id='word_1_53' title='bbox 748 2096 858 2159; x_wconf 88' lang='lat' dir='ltr'>nautis</span> <span class='ocrx_word' id='word_1_54' title='bbox 872 2093 1007 2158; x_wconf 82' lang='lat' dir='ltr'>infestus</span> <span class='ocrx_word' id='word_1_55' title='bbox 1022 2094 1122 2159; x_wconf 89' lang='lat' dir='ltr'>Orion</span> 
     </span>
     <span class='ocr_line' id='line_1_13' title="bbox 415 2194 876 2274; baseline 0 -17"><span class='ocrx_word' id='word_1_56' title='bbox 415 2194 578 2258; x_wconf 86' lang='lat' dir='ltr'>Turbaret</span> <span class='ocrx_word' id='word_1_57' title='bbox 591 2195 764 2259; x_wconf 90' lang='lat' dir='ltr'>hibernum</span> <span class='ocrx_word' id='word_1_58' title='bbox 779 2214 876 2274; x_wconf 86' lang='lat' dir='ltr'>mare,</span> 
     </span>
     <span class='ocr_line' id='line_1_14' title="bbox 354 2294 1140 2378; baseline 0 -21"><span class='ocrx_word' id='word_1_59' title='bbox 354 2294 566 2376; x_wconf 87' lang='lat' dir='ltr'>Intonsosque</span> <span class='ocrx_word' id='word_1_60' title='bbox 581 2295 716 2377; x_wconf 81' lang='lat' dir='ltr'>agitaret</span> <span class='ocrx_word' id='word_1_61' title='bbox 731 2294 891 2377; x_wconf 83' lang='lat' dir='ltr'>Apollinis</span> <span class='ocrx_word' id='word_1_62' title='bbox 905 2313 985 2357; x_wconf 87' lang='lat' dir='ltr'>aura</span> <span class='ocrx_word' id='word_1_63' title='bbox 999 2294 1140 2378; x_wconf 80' lang='lat' dir='ltr'>capillos,</span> 
     </span>
     <span class='ocr_line' id='line_1_15' title="bbox 415 2393 1264 2460; baseline 0.004 -3"><span class='ocrx_word' id='word_1_64' title='bbox 415 2395 498 2457; x_wconf 85' lang='lat' dir='ltr'>Fore</span> <span class='ocrx_word' id='word_1_65' title='bbox 514 2393 760 2458; x_wconf 87' lang='lat' dir='ltr'>huuaamorem</span> <span class='ocrx_word' id='word_1_66' title='bbox 774 2404 937 2458; x_wconf 88' lang='lat' dir='ltr'>mutuum.</span> <span class='ocrx_word' id='word_1_67' title='bbox 1223 2397 1264 2460; x_wconf 89' lang='grc'>10</span> 
     </span>
     <span class='ocr_line' id='line_1_16' title="bbox 354 2492 1070 2558; baseline -0.004 0"><span class='ocrx_word' id='word_1_68' title='bbox 354 2493 384 2558; x_wconf 93' lang='grc' dir='ltr'>Ο</span> <span class='ocrx_word' id='word_1_69' title='bbox 399 2492 537 2557; x_wconf 86' lang='lat' dir='ltr'>dolitura</span> <span class='ocrx_word' id='word_1_70' title='bbox 552 2513 625 2557; x_wconf 86' lang='lat' dir='ltr'>mea</span> <span class='ocrx_word' id='word_1_71' title='bbox 639 2493 782 2558; x_wconf 89' lang='lat' dir='ltr'>multum</span> <span class='ocrx_word' id='word_1_72' title='bbox 795 2494 914 2558; x_wconf 84' lang='lat' dir='ltr'>virtute</span> <span class='ocrx_word' id='word_1_73' title='bbox 928 2492 1070 2557; x_wconf 86' lang='lat' dir='ltr'>Neaera!</span> 
     </span>
     <span class='ocr_line' id='line_1_17' title="bbox 414 2593 976 2676; baseline -0.004 -19"><span class='ocrx_word' id='word_1_74' title='bbox 414 2593 509 2673; x_wconf 87' lang='lat' dir='ltr'>Nam,</span> <span class='ocrx_word' id='word_1_75' title='bbox 525 2594 553 2657; x_wconf 87' lang='lat' dir='ltr'>si</span> <span class='ocrx_word' id='word_1_76' title='bbox 567 2593 647 2676; x_wconf 90' lang='lat' dir='ltr'>quid</span> <span class='ocrx_word' id='word_1_77' title='bbox 661 2594 695 2657; x_wconf 91' lang='lat' dir='ltr'>in</span> <span class='ocrx_word' id='word_1_78' title='bbox 710 2593 831 2657; x_wconf 82' lang='lat' dir='ltr'>Flacco</span> <span class='ocrx_word' id='word_1_79' title='bbox 846 2594 906 2656; x_wconf 89' lang='lat' dir='ltr'>viri</span> <span class='ocrx_word' id='word_1_80' title='bbox 919 2604 976 2674; x_wconf 85' lang='lat' dir='ltr'>est,</span> 
     </span>
     <span class='ocr_line' id='line_1_18' title="bbox 355 2691 1080 2776; baseline 0 -20"><span class='ocrx_word' id='word_1_81' title='bbox 355 2691 429 2756; x_wconf 91' lang='lat' dir='ltr'>Non</span> <span class='ocrx_word' id='word_1_82' title='bbox 445 2691 523 2756; x_wconf 88' lang='lat' dir='ltr'>feret</span> <span class='ocrx_word' id='word_1_83' title='bbox 537 2692 686 2771; x_wconf 62' lang='lat' dir='ltr'>assiduas</span> <span class='ocrx_word' id='word_1_84' title='bbox 700 2693 812 2776; x_wconf 88' lang='lat' dir='ltr'>potiori</span> <span class='ocrx_word' id='word_1_85' title='bbox 827 2702 858 2755; x_wconf 92' lang='lat' dir='ltr'>te</span> <span class='ocrx_word' id='word_1_86' title='bbox 872 2692 948 2756; x_wconf 88' lang='lat' dir='ltr'>dare</span> <span class='ocrx_word' id='word_1_87' title='bbox 962 2702 1080 2773; x_wconf 86' lang='lat' dir='ltr'>noctes,</span> 
     </span>
     <span class='ocr_line' id='line_1_19' title="bbox 414 2791 863 2877; baseline 0 -22"><span class='ocrx_word' id='word_1_88' title='bbox 414 2791 460 2855; x_wconf 86' lang='lat' dir='ltr'>Et</span> <span class='ocrx_word' id='word_1_89' title='bbox 473 2803 605 2874; x_wconf 90' lang='lat' dir='ltr'>quaeret</span> <span class='ocrx_word' id='word_1_90' title='bbox 619 2793 721 2855; x_wconf 88' lang='lat' dir='ltr'>iratus</span> <span class='ocrx_word' id='word_1_91' title='bbox 735 2812 863 2877; x_wconf 83' lang='lat' dir='ltr'>parem3</span> 
     </span>
     <span class='ocr_line' id='line_1_20' title="bbox 354 2889 1263 2971; baseline 0.002 -18"><span class='ocrx_word' id='word_1_92' title='bbox 354 2889 422 2954; x_wconf 91' lang='lat' dir='ltr'>Nec</span> <span class='ocrx_word' id='word_1_93' title='bbox 437 2891 535 2954; x_wconf 86' lang='lat' dir='ltr'>semel</span> <span class='ocrx_word' id='word_1_94' title='bbox 550 2890 691 2955; x_wconf 84' lang='lat' dir='ltr'>offensae</span> <span class='ocrx_word' id='word_1_95' title='bbox 705 2891 798 2955; x_wconf 89' lang='lat' dir='ltr'>cedet</span> <span class='ocrx_word' id='word_1_96' title='bbox 812 2890 994 2955; x_wconf 86' lang='lat' dir='ltr'>constantia</span> <span class='ocrx_word' id='word_1_97' title='bbox 1009 2890 1138 2971; x_wconf 82' lang='lat' dir='ltr'>formae,</span> <span class='ocrx_word' id='word_1_98' title='bbox 1222 2892 1263 2955; x_wconf 79' lang='lat'>15</span> 
     </span>
     <span class='ocr_line' id='line_1_21' title="bbox 414 2988 820 3055; baseline 0.002 -2"><span class='ocrx_word' id='word_1_99' title='bbox 414 2988 450 3053; x_wconf 85' lang='lat' dir='ltr'>Si</span> <span class='ocrx_word' id='word_1_100' title='bbox 464 3002 571 3054; x_wconf 86' lang='lat' dir='ltr'>certus</span> <span class='ocrx_word' id='word_1_101' title='bbox 585 2992 709 3055; x_wconf 90' lang='lat' dir='ltr'>intrarit</span> <span class='ocrx_word' id='word_1_102' title='bbox 723 2990 820 3054; x_wconf 87' lang='lat' dir='ltr'>dolor.</span> 
     </span>
     <span class='ocr_line' id='line_1_22' title="bbox 353 3088 1149 3173; baseline 0.001 -21"><span class='ocrx_word' id='word_1_103' title='bbox 353 3088 398 3152; x_wconf 79' lang='lat' dir='ltr'>At</span> <span class='ocrx_word' id='word_1_104' title='bbox 412 3098 457 3168; x_wconf 87' lang='lat' dir='ltr'>tu,</span> <span class='ocrx_word' id='word_1_105' title='bbox 472 3091 659 3172; x_wconf 89' lang='lat' dir='ltr'>quicunque</span> <span class='ocrx_word' id='word_1_106' title='bbox 676 3110 711 3153; x_wconf 86' lang='lat' dir='ltr'>es</span> <span class='ocrx_word' id='word_1_107' title='bbox 727 3090 848 3155; x_wconf 79' lang='lat' dir='ltr'>felicior</span> <span class='ocrx_word' id='word_1_108' title='bbox 861 3101 958 3173; x_wconf 89' lang='lat' dir='ltr'>atque</span> <span class='ocrx_word' id='word_1_109' title='bbox 972 3109 1045 3153; x_wconf 86' lang='lat' dir='ltr'>meo</span> <span class='ocrx_word' id='word_1_110' title='bbox 1059 3108 1149 3154; x_wconf 85' lang='lat' dir='ltr'>nunc</span> 
     </span>
     <span class='ocr_line' id='line_1_23' title="bbox 415 3189 827 3271; baseline 0 -18"><span class='ocrx_word' id='word_1_111' title='bbox 415 3189 580 3271; x_wconf 81' lang='lat' dir='ltr'>Superbus</span> <span class='ocrx_word' id='word_1_112' title='bbox 594 3189 718 3253; x_wconf 85' lang='lat' dir='ltr'>incedis</span> <span class='ocrx_word' id='word_1_113' title='bbox 732 3190 827 3271; x_wconf 86' lang='lat' dir='ltr'>malo,</span> 
     </span>
     <span class='ocr_line' id='line_1_24' title="bbox 353 3287 1052 3370; baseline 0.001 -17"><span class='ocrx_word' id='word_1_114' title='bbox 353 3287 406 3353; x_wconf 83' lang='lat' dir='ltr'>Sis</span> <span class='ocrx_word' id='word_1_115' title='bbox 421 3307 533 3370; x_wconf 88' lang='lat' dir='ltr'>pecore</span> <span class='ocrx_word' id='word_1_116' title='bbox 547 3299 579 3351; x_wconf 91' lang='lat' dir='ltr'>et</span> <span class='ocrx_word' id='word_1_117' title='bbox 593 3289 698 3353; x_wconf 88' lang='lat' dir='ltr'>multa</span> <span class='ocrx_word' id='word_1_118' title='bbox 711 3289 803 3353; x_wconf 82' lang='lat' dir='ltr'>dives</span> <span class='ocrx_word' id='word_1_119' title='bbox 818 3290 931 3354; x_wconf 89' lang='lat' dir='ltr'>tellure</span> <span class='ocrx_word' id='word_1_120' title='bbox 946 3289 1052 3354; x_wconf 86' lang='lat' dir='ltr'>licebit</span> 
     </span>
     <span class='ocr_line' id='line_1_25' title="bbox 413 3386 1265 3469; baseline 0.002 -18"><span class='ocrx_word' id='word_1_121' title='bbox 413 3386 555 3469; x_wconf 79' lang='lat' dir='ltr'>Tibique</span> <span class='ocrx_word' id='word_1_122' title='bbox 571 3389 723 3453; x_wconf 88' lang='lat' dir='ltr'>Pactolus</span> <span class='ocrx_word' id='word_1_123' title='bbox 738 3388 828 3469; x_wconf 80' lang='lat' dir='ltr'>fluat,</span> <span class='ocrx_word' id='word_1_124' title='bbox 1219 3388 1265 3453; x_wconf 76' lang='lat'>20</span> 
     </span>
     <span class='ocr_line' id='line_1_26' title="bbox 353 3485 1079 3571; baseline 0.001 -21"><span class='ocrx_word' id='word_1_125' title='bbox 353 3485 422 3550; x_wconf 91' lang='lat' dir='ltr'>Nec</span> <span class='ocrx_word' id='word_1_126' title='bbox 437 3496 468 3548; x_wconf 86' lang='lat' dir='ltr'>te</span> <span class='ocrx_word' id='word_1_127' title='bbox 483 3487 687 3571; x_wconf 87' lang='lat' dir='ltr'>Pythagorae</span> <span class='ocrx_word' id='word_1_128' title='bbox 702 3488 819 3553; x_wconf 82' lang='lat' dir='ltr'>fallant</span> <span class='ocrx_word' id='word_1_129' title='bbox 833 3509 953 3554; x_wconf 69' lang='lat' dir='ltr'>meana</span> <span class='ocrx_word' id='word_1_130' title='bbox 967 3488 1079 3570; x_wconf 86' lang='lat' dir='ltr'>renati,</span> 
     </span>
     <span class='ocr_line' id='line_1_27' title="bbox 413 3585 847 3670; baseline 0.014 -23"><span class='ocrx_word' id='word_1_131' title='bbox 413 3585 596 3669; x_wconf 85' lang='lat' dir='ltr'>Formaque</span> <span class='ocrx_word' id='word_1_132' title='bbox 612 3590 726 3652; x_wconf 85' lang='lat' dir='ltr'>vincas</span> <span class='ocrx_word' id='word_1_133' title='bbox 741 3588 847 3670; x_wconf 83' lang='lat' dir='ltr'>Nirea,</span> 
     </span>
    </p>
   </div>
   <div class='ocr_carea' id='block_1_6' title="bbox 550 3783 955 3853">
    <p class='ocr_par' dir='ltr' id='par_1_6' title="bbox 550 3783 955 3853">
     <span class='ocr_line' id='line_1_28' title="bbox 550 3783 955 3853; baseline 0.017 -20"><span class='ocrx_word' id='word_1_134' title='bbox 550 3783 955 3853; x_wconf 55' lang='lat' dir='ltr'>aaaamwuuuu</span> 
     </span>
    </p>
   </div>
   <div class='ocr_carea' id='block_1_7' title="bbox 0 0 1426 4342">
    <p class='ocr_par' dir='ltr' id='par_1_7' title="bbox 0 0 1426 4342">
     <span class='ocr_line' id='line_1_29' title="bbox 0 0 1426 4342; baseline 0 0"><span class='ocrx_word' id='word_1_135' title='bbox 0 0 1426 4342; x_wconf 95' lang='lat' dir='ltr'> </span> 
     </span>
    </p>
   </div>
  </div>
 </body>
</html>
