2842 4342
497 370 668 423 muare
717 372 821 425 sur.
1096 355 1170 428 288

152 528 284 607 Pocula,
299 545 360 592 seu
373 526 510 590 modicis
524 529 650 592 uvescit
662 528 787 593 laetius.
831 530 919 613 Ergo
1128 530 1171 595 ⁷0

150 630 266 692 sermo
279 627 387 706 oritur,
402 645 468 690 nou
483 625 524 689 da
538 627 625 690 viliis
640 628 832 692 domibusve
846 629 968 710 alienis,

152 727 231 805 Nec,
246 725 332 789 male
346 745 449 789 necne
463 726 569 809 Lepos
583 726 696 808 seltot3
720 727 778 791 sed
792 728 879 811 quod
892 730 998 812 magis
1012 728 1055 792 ed
1069 748 1129 794 nos

153 825 295 889 Pertinet
308 835 341 888 et
354 825 480 888 nescire
494 824 620 888 malum
635 835 692 906 est,
708 827 891 909 agitamus:
913 837 1064 892 utrumne

154 924 286 987 Divitiis
300 924 448 987 homines
462 943 506 987 au
520 924 585 988 sint
598 925 717 989 virtute
732 927 836 1007 beati;

152 1023 289 1093 Quidve
303 1022 346 1086 ad
361 1024 530 1104 amicitias,
547 1043 628 1088 usus
642 1034 817 1107 rectumne,
834 1026 941 1089 trahat
955 1045 1034 1108 nos3
1130 1027 1172 1091 ⁷⁶

154 1123 198 1185 Et
212 1141 299 1204 quae
313 1123 487 1186 situatum
500 1124 576 1187 boni
591 1142 823 1206 summumque
837 1124 916 1207 quid
932 1127 1010 1210 ejus.

154 1222 292 1284 Cervius
306 1222 389 1285 haec
402 1223 486 1285 inter
499 1222 628 1286 vicinus
642 1224 741 1306 garrit
754 1224 858 1286 aniles

155 1321 211 1385 nx
225 1341 259 1383 re
274 1320 418 1384 fabellas
461 1322 498 1386 si
512 1322 586 1404 quis
601 1341 679 1385 uam
693 1322 808 1386 laudat
821 1323 922 1386 Arelli

155 1419 317 1484 Sollicitas
331 1420 465 1503 ignarus
479 1440 575 1503 opes3
598 1421 644 1484 sic
658 1422 789 1504 incipit:
812 1422 900 1487 Olim
942 1446 945 1451 ·

155 1519 311 1583 Rusticus
325 1521 489 1584 urbanum
502 1539 629 1584 murem
642 1540 718 1584 mus
732 1540 872 1605 paupere
886 1522 985 1587 fertur
1131 1523 1175 1587 80

157 1621 328 1704 Accepisse
341 1639 433 1699 cavo,
448 1631 590 1684 veterem
604 1630 698 1685 vetus
713 1622 830 1705 hospes
845 1622 997 1702 amicum,

157 1722 259 1803 Asper
272 1728 305 1782 et
319 1728 463 1783 attentus
477 1718 639 1802 quaesitis,
655 1730 692 1784 ut
707 1731 818 1784 tamen
832 1730 940 1784 artum

156 1819 302 1884 Solveret
316 1819 463 1901 hospitiis
476 1820 632 1883 animum.
676 1819 771 1890 Quid
785 1818 916 1882 multai
937 1838 1044 1901 neque
1057 1819 1112 1895 ille

135 1988 141 1999 ,
157 1918 295 2001 Sepositi
309 1918 420 1981 ciceris
433 1937 495 1982 nec
510 1917 626 2001 longae
641 1916 758 1981 invidit
772 1936 915 1980 avenae:

158 2016 295 2082 Aridum
310 2028 342 2080 et
355 2036 409 2080 ore
424 2016 529 2081 ferens
543 2018 678 2081 acinum
692 2035 883 2098 semesaque
898 2015 980 2079 lardi
1133 2016 1176 2081 85

159 2118 279 2181 Frusta
292 2115 389 2195 dedit,
404 2117 538 2199 cupiens
552 2117 644 2180 varia
657 2104 789 2180 fastidis
802 2134 904 2179 coena

158 2216 293 2279 Vincere
307 2216 469 2297 tangentis
483 2214 569 2279 male
583 2215 714 2298 singula
728 2214 824 2278 dente
839 2215 994 2298 superb03

159 2317 245 2379 Cum
258 2325 350 2398 pater
363 2315 431 2397 ipse
445 2314 562 2378 domus
579 2314 674 2398 palea
687 2325 850 2398 porrectus
864 2315 899 2378 in
912 2314 1012 2377 homa
1042 2374 1048 2383 .

100 2486 105 2495 ,
121 2414 256 2489 ‚nese
270 2413 349 2477 ador
362 2413 548 2496 loliumque,
563 2413 656 2496 dapis
670 2413 803 2493 meliora
816 2413 1008 2496 relinquens.

159 2511 314 2577 Tandem
322 2514 467 2576 urbanus
476 2512 632 2576 adhunc:
647 2512 741 2582 Quid
749 2513 1008 2596 tejuvatinquit,
1018 2510 1122 2575 amice
1135 2509 1179 2573 90

160 2612 328 2694 Prasmpti
342 2612 481 2675 nemoris
494 2612 671 2694 patientem
684 2612 794 2676 vivere
809 2612 926 2675 dorso?

159 2712 218 2775 Vis
232 2722 270 2775 tu
284 2711 432 2774 homines
447 2711 623 2794 urbemque
638 2710 713 2775 feris
727 2731 921 2795 praeponere
936 2709 1052 2774 silvisi

160 2811 266 2894 Carpe
280 2811 379 2891 uiam,
393 2811 475 2874 mihi
488 2810 591 2890 crede,
606 2830 734 2894 eomes3
758 2811 915 2875 terrestria
928 2808 1061 2894 quando

161 2910 315 2975 Mortales
330 2911 457 2974 animas
472 2911 589 2974 vivunt
605 2911 724 2991 sortita,
739 2929 846 2993 neque
861 2910 930 2973 ulla
943 2919 993 2973 est

161 3010 228 3073 Aut
241 3028 364 3092 magno
378 3019 437 3073 aut
451 3029 552 3093 parvo
566 3008 622 3074 leti
635 3009 724 3094 fuga
768 3011 855 3089 Quo,
871 3010 963 3090 bone,
978 3008 1072 3088 circa,
1136 3006 1179 3069 9⁶

163 3109 252 3173 Dum
267 3108 351 3189 licet,
368 3109 402 3173 in
416 3110 511 3174 rebus
521 3109 678 3194 jucundis
691 3110 767 3173 vive
781 3109 914 3191 beatus3

162 3208 242 3273 Vive
257 3227 389 3288 memor,
404 3227 506 3290 quam
520 3209 565 3271 sis
579 3209 653 3272 aevi
667 3209 782 3273 brevis.
826 3209 918 3272 Haec
933 3207 990 3271 ubi
1004 3206 1091 3271 dicto

161 3307 331 3390 Agrestem
344 3307 502 3390 pepulere,
517 3306 614 3371 domo
627 3307 709 3371 levis
724 3306 850 3390 exsilit3
874 3304 950 3369 iude

163 3408 267 3470 Ambo
281 3407 480 3489 propositum
494 3417 654 3490 peragunt
667 3409 735 3487 iter,
752 3407 840 3471 urbis
854 3415 988 3468 aventes

163 3504 295 3569 Moenia
308 3506 458 3570 nocturni
473 3504 651 3589 subrepere.
694 3502 835 3587 Jamque
849 3503 979 3568 tenebat
1119 3503 1181 3568 100

164 3602 235 3667 Nox
251 3604 387 3668 melium
400 3604 482 3667 coeli
496 3606 646 3688 spatium,
661 3623 740 3668 cum
753 3602 843 3687 poni't
857 3612 991 3685 uterque

334 3830 522 3885 'Isthmum
588 3830 850 3895 attenuat-2
915 3830 1017 3884 saint
