2842 4342
546 333 719 383 nuruum
769 333 848 385 on
1149 318 1198 390 43

394 488 457 553 Oui
470 472 583 575 lau'rns
598 464 743 552 aeternos
756 489 893 573 honores
1156 495 1197 558 16
1334 482 1344 499 ”

434 584 619 651 Delmatico
632 588 753 670 peperit
767 588 938 672 triumpho.

351 783 428 849 Jum
441 754 530 849 uuno'
544 783 665 847 minaei
676 801 843 847 murmure
857 803 1016 850 cornuum

351 882 539 964 Perstriugis
553 901 655 962 aures,
666 883 737 965 jem
750 881 823 945 litui
838 893 982 965 strepunt
993 906 1003 969 3

393 979 468 1045 Jem
482 979 588 1062 fulgor
600 998 765 1044 armorum
777 980 912 1064 fugaces

435 1078 548 1141 Terret
560 1097 670 1160 equos,
681 1078 893 1161 equitumque
907 1081 1026 1145 vultus.
1152 1084 1195 1145 20

357 1272 472 1338 Audire
486 1292 621 1356 magnos
631 1276 701 1358 jam
714 1274 825 1338 videor
837 1275 938 1340 duoes

356 1371 427 1436 Non
440 1371 587 1435 indeooro
604 1373 735 1455 pulvere
750 1373 902 1454 sordidos,

391 1469 437 1533 Et
449 1480 568 1533 cuncta
581 1481 737 1534 terrerum
751 1472 887 1536 subacta

433 1568 561 1632 Praeter
575 1578 716 1633 etrooem
730 1571 878 1634 animum
892 1572 1032 1636 Catonis

349 1763 436 1828 Juno
449 1774 482 1826 et
494 1763 628 1829 deorum
640 1766 790 1848 quisquis
804 1767 936 1831 amicior
1149 1770 1190 1834 25

351 1859 436 1924 Afris
450 1862 555 1925 inulta
568 1874 706 1927 cesserat
720 1864 877 1947 impotens

392 1960 531 2041 Tellure,
546 1962 705 2026 victorum
719 1974 850 2046 nepotes

431 2059 554 2123 Retulit
566 2060 696 2125 inferias
710 2062 899 2145 Jugurthee.

346 2256 433 2331 Quis
446 2275 513 2320 non
526 2257 645 2321 Latino
660 2260 818 2343 sunguine
831 2260 980 2343 pinguior

346 2353 490 2437 Campus
505 2356 658 2438 sepulcris
672 2358 773 2440 impie
786 2359 905 2441 proelis
1145 2360 1188 2426 30

387 2453 551 2534 Testetur,
566 2454 779 2537 eudimmque
793 2457 898 2521 Medis

426 2552 600 2635 Hesperiae
615 2555 758 2619 sonitum
771 2556 908 2620 ruinae?

345 2748 415 2817 Qui
427 2767 543 2831 gurges
558 2761 616 2813 eut
629 2770 714 2832 quse
728 2751 865 2815 flumina
879 2753 1024 2835 lugubris

344 2846 461 2929 Ignara
474 2848 574 2911 bellil
596 2850 683 2932 quod
697 2870 785 2914 mare
800 2852 949 2914 Dauniae

385 2945 459 3009 Non
473 2946 693 3012 decoloravere
706 2948 848 3012 oaedesl
1143 2952 1185 3016 35

426 3045 524 3114 Quae
536 3058 624 3110 caret
636 3067 691 3112 ors
705 3067 815 3113 cruore
829 3050 959 3113 nostro?

341 3240 407 3305 Sed
420 3261 470 3322 ne,
485 3243 612 3324 relictis,
627 3244 726 3308 Musa
740 3265 867 3328 procax,
878 3246 969 3329 joois,

342 3340 427 3403 Oeae
441 3351 590 3405 retractes
604 3361 739 3407 munere
753 3345 885 3407 neniae:

384 3439 516 3504 Mecum
529 3441 674 3504 Dionaeo
688 3443 751 3506 sub
764 3452 855 3505 untm

423 3539 555 3609 Quaere
568 3539 682 3604 modos
695 3541 812 3605 leviore
826 3540 954 3623 plectro.
1140 3543 1183 3607 40

361 3735 399 3786 lu
418 3734 564 3795 Delmatico,
577 3736 693 3789 Orellirrs.
867 3742 907 3792 8³.
926 3742 997 3798 Quis.
