2842 4342
219 274 292 344 208
619 288 834 340 sammon

219 444 596 528 mesenas—Equidem
609 445 693 509 nihil
707 446 785 510 hinc
798 444 966 510 diffindere
980 465 1129 530 possum3

217 546 283 612 Sed
298 556 416 625 mmen,
431 555 470 609 ut
482 545 626 608 monitus
639 564 767 625 caveas,
782 563 824 608 ne
838 543 919 608 forte
933 557 1042 629 negoti
1193 547 1236 612 θ]

218 646 359 709 Incutiat
372 644 430 708 tibi
443 642 524 727 quid
538 653 726 708 sanctarum
739 645 867 708 inscitia
881 644 1009 727 legum3

217 746 253 810 Si
268 745 356 809 mala
369 743 547 808 condiderit
560 746 595 809 in
609 762 707 827 quern
721 744 795 827 quis
808 744 961 824 carmina,
971 746 1027 828 jus
1039 754 1090 808 est

218 845 238 909 J
239 843 591 927 mniumque-Esto,
606 843 635 907 si
648 843 723 926 quis
737 842 844 907 mela:
865 842 923 906 sed
936 843 1022 907 bona
1036 844 1064 907 si
1077 844 1153 926 quis

217 945 238 1009 J
241 944 333 1008 udice
347 942 525 1007 condiderit
539 942 692 1006 laudatus
707 943 870 1005 Caesarei
893 943 921 1006 si
934 943 1009 1024 quis

218 1043 403 1126 Opprobriis
417 1041 555 1125 ἀίμιιιιι
568 1041 739 1121 latraverit,
755 1043 878 1123 integer
892 1041 1026 1124 ipsei-
1192 1043 1235 1108 85

218 1143 393 1207 Solventur
406 1142 473 1205 risu
489 1140 627 1220 tabulae,
644 1150 681 1205 tu
695 1141 816 1205 missus
830 1140 941 1205 abibis

609 1716 770 1779 saclas
804 1717 847 1778 IL

260 1940 359 2008 Quae
373 1939 484 2020 virtus,
499 1948 532 2003 et
545 1949 678 2022 quanta,
693 1940 778 2020 boni,
795 1941 838 2003 sit
851 1940 959 2003 vivere
973 1959 1127 2022 parvo,—

220 2035 291 2100 Nec
304 2057 398 2101 meus
412 2039 466 2103 hic
480 2058 584 2103 sermo
598 2048 655 2120 est,
670 2039 729 2103 sed
742 2058 827 2122 quae
841 2040 1001 2122 praecepit
1015 2037 1142 2102 Ofellus

219 2137 382 2218 Rusticus,
397 2138 560 2203 abnormis
574 2141 703 2222 sapiens
717 2158 892 2222 crassaque
908 2138 1099 2202 Minerva-

219 2235 350 2316 Discite,
365 2256 432 2301 non
446 2239 529 2302 inter
542 2238 653 2302 lances
667 2258 863 2321 mensesque
877 2239 1025 2318 nitentes,

218 2334 306 2397 Cum
320 2345 427 2419 stupet
441 2337 564 2401 insanis
579 2338 666 2402 acies
680 2337 869 2421 fulgoribus,
884 2348 1007 2401 etcum
1216 2337 1239 2400 ὅ

218 2435 361 2499 Acclinis
375 2434 466 2499 salsis
493 2437 625 2501 animus
639 2424 932 2518 meliorarecusat3

217 2533 340 2598 Verum
353 2534 407 2597 hio
423 2535 578 2618 impransi
592 2524 723 2599 mecum
736 2535 912 2617 disquirite.
957 2534 1025 2597 Gur
1038 2532 1125 2596 hocl

219 2633 347 2714 Dicam,
363 2634 391 2697 si
405 2644 521 2717 potero.
565 2634 654 2698 Male
668 2653 783 2698 verum
797 2634 965 2711 examinat
978 2633 1085 2697 omnis

218 2732 395 2816 Corruptus
405 2733 518 2817 judex.
561 2734 718 2818 Leporem
733 2744 874 2797 sectatus
889 2752 1013 2815 equove

218 2830 343 2896 Lassus
356 2833 399 2896 ab
413 2833 577 2913 indomito,
593 2833 654 2914 vel,
669 2834 698 2897 si
712 2833 864 2898 Romana
878 2834 993 2915 fatigat
1197 2830 1240 2895 10

217 2929 336 2995 Militia
350 2941 517 2995 assuetum
532 2933 684 3015 graecari,
700 2952 758 2997 seu
772 2932 839 3015 pila
853 2932 960 3013 velox,

218 3029 358 3094 Molliter
371 3041 537 3095 austerum
551 3031 660 3095 studio
674 3031 805 3096 fallente
820 3031 971 3111 laborem,

164 3132 166 3135 ’
217 3129 285 3194 Seu
299 3140 331 3193 te
344 3128 455 3194 discus
469 3131 544 3214 agit,
560 3140 633 3213 pete
646 3130 815 3194 cedentem
829 3143 905 3194 sera
918 3129 1025 3194 disco:

217 3227 304 3291 (lum
318 3228 408 3293 labor
421 3230 582 3294 extuderit
596 3229 734 3310 fastidia,
750 3232 864 3309 siccus,
880 3229 987 3293 inanis

216 3327 338 3410 Sperne
351 3328 462 3392 cibum
476 3329 592 3410 vilem;
615 3329 679 3392 nisi
695 3328 864 3411 Hymettia
877 3327 976 3391 mella
991 3328 1131 3391 Falemo
1197 3325 1238 3388 lo

321 3526 890 3592 'idhictdiffiderudiffiugcrndefringerc
957 3524 1132 3576 “laudm

626 3609 667 3660 85.
684 3608 831 3659 inseruerit.

413 3690 609 3741 sitimus
674 3686 1036 3754 s.quem;0tells‚0ntttu

445 3771 470 3820 3.
487 3771 605 3820 abnormi.
673 3775 711 3821 14.
729 3771 861 3832 expulerim
884 3768 1004 3819 unierit.
