2842 4342
221 334 294 409 190
616 347 832 399 samam

262 507 371 591 Signis
384 504 534 589 perfacile
547 514 606 569 est
649 504 746 568 Venit
759 503 919 568 vilissima
931 524 1039 571 rerum

261 606 325 670 Hic
338 625 444 688 aqua5
467 604 525 669 sed
539 603 635 688 panis
649 604 744 687 longe
758 602 1002 686 pulcherrimus,
1018 604 1105 669 ultra
1193 605 1240 671 85

262 704 410 769 Callidus
424 713 462 768 ut
474 703 576 767 soleat
589 704 733 769 humeris
746 714 870 785 portare
884 704 1004 767 viator:

261 804 350 869 Nam
364 804 491 867 Canusi
504 803 687 887 lapidosus3
710 822 816 885 aquae
831 821 897 867 non
911 802 1006 867 ditior
1019 823 1103 868 runa

262 904 332 974 Qui
347 903 439 967 locus
453 924 475 967 a
489 903 561 968 forti
576 901 734 967 Diomede
748 912 797 965 est
810 902 961 967 conditus
974 903 1061 967 olim

263 1002 434 1066 Flentibus
447 1002 525 1067 hine
539 1001 657 1066 Varius
671 999 808 1085 disqedit
822 1012 965 1065 moestus
978 1002 1100 1066 amieis

264 1101 345 1166 Inde
359 1102 472 1167 Rubos
486 1101 563 1166 fessi
577 1101 793 1184 pervenimus,
808 1110 919 1183 utpote
932 1101 1069 1185 longum
1193 1103 1239 1168 9⁰

264 1202 439 1283 Carpentes
453 1202 558 1265 iteret
571 1200 696 1264 factum
708 1201 889 1282 eorruptius
903 1201 1006 1264 imbri.

264 1300 396 1363 Postera
409 1310 583 1383 tempestas
596 1300 716 1380 melior,
731 1301 787 1362 via
800 1301 893 1383 pejor,
907 1299 951 1363 ad
965 1320 1070 1383 usque

263 1399 338 1464 Bari
352 1398 480 1461 moenia
494 1399 628 1481 piscosi:
650 1398 770 1462 dehine
785 1399 913 1478 unaue,
930 1399 1073 1482 lymphis

264 1498 358 1561 Iratis
371 1507 545 1578 exstructa,
560 1498 650 1562 dedit
662 1498 810 1580 risusque
819 1499 981 1582 jooosque,
1219 1568 1223 1573 ,

264 1597 364 1677 Dum,
379 1596 513 1661 flamma
526 1597 597 1661 sine
611 1597 707 1660 thura
722 1595 897 1678 liquescere
911 1596 1021 1660 limine
1035 1615 1134 1678 sacro,
1196 1599 1239 1664 95

265 1696 461 1760 Persuadere
475 1695 573 1779 eupit
616 1694 736 1759 Credat
749 1695 770 1760 J
771 1694 893 1759 udaeus
907 1695 1030 1778 Apella,

266 1793 343 1860 Non
356 1814 435 1878 08⁰3
455 1813 598 1877 namque
612 1793 690 1857 deos
703 1793 802 1857 didici
817 1812 968 1858 securum
981 1814 1076 1877 agere
1089 1813 1225 1861 aevum:

265 1894 343 1974 Nee,
359 1895 388 1957 si
402 1893 483 1976 quid
496 1893 569 1957 miri
583 1892 682 1956 meiat
695 1903 822 1973 natura,
837 1891 915 1957 deos
930 1893 963 1956 id

265 1992 392 2056 Tristes
405 2013 448 2057 ex
462 1993 528 2057 alto
541 1992 622 2057 ooeli
635 1991 802 2056 demittere
816 2002 907 2055 tecto.

267 2090 490 2157 Brundusium
504 2092 621 2176 longae
635 2091 712 2156 linis
722 2090 918 2173 chartaeque
928 2091 1065 2174 viaeque
1075 2102 1132 2157 est.
1178 2094 1242 2159 100

672 2422 792 2438 *-

607 2680 770 2744 sauma
804 2681 860 2742 VI.

308 2916 393 2997 Non,
408 2919 494 3000 quia,
511 2918 692 3000 Maecenas,
707 2920 876 3003 Lydorum
890 2920 1049 3004 quidquid
1064 2921 1221 3000 Emissos

265 3015 406 3079 Inooluit
419 3017 510 3098 fines,
525 3037 621 3081 nemo
636 3020 816 3101 generosior
830 3030 879 3083 est
894 3030 933 3100 te,

264 3112 342 3194 Nee,
357 3114 445 3197 quod
459 3134 543 3178 avus
557 3116 614 3179 tibi
628 3128 794 3181 metemus
808 3118 870 3181 fuit
883 3129 980 3202 atque
995 3128 1156 3201 paternus,

267 3213 355 3278 Olim
370 3215 427 3297 qui
441 3216 569 3299 magnis
584 3216 764 3299 legionibus
779 3218 1003 3300 imperitarent,

264 3312 310 3377 Ut
323 3314 466 3396 plerique
481 3315 592 3395 solent,
608 3335 689 3379 naso
704 3316 875 3399 suspendis
890 3316 1018 3380 aduueo
1219 3318 1241 3384 6

264 3411 403 3494 Ignotos,
418 3424 522 3479 utine
536 3415 681 3479 libertino
696 3426 784 3498 patre
799 3426 923 3480 natum.

264 3510 351 3574 Cum
366 3512 477 3577 referre
492 3535 600 3598 negas,
616 3515 705 3598 quali
721 3515 762 3579 sit
776 3516 914 3598 quisque
928 3527 1059 3600 parente

264 3607 379 3689 Natus,
395 3611 476 3675 dum
490 3613 659 3696 ingenuus,
675 3613 850 3697 persuades
864 3616 926 3678 hoo
942 3614 997 3679 tibi
1012 3634 1095 3695 vere,

320 3810 347 3859 s.
358 3810 391 3859 vr.
403 3810 428 3859 r.
445 3812 585 3873 amase.
595 3815 777 3875 imperitum
793 3815 959 3876 masana.
1025 3816 1049 3864 s.
1066 3823 1145 3864 mu.
