2842 4342
485 315 843 371 mmm-dvm

519 620 699 683 OARMEN
728 618 822 682 vm

451 821 508 863 An
541 818 887 865 uincendum.

330 1017 455 1083 Martiis
469 1016 595 1079 caelebs
610 1014 691 1098 quid
705 1032 803 1099 agam
818 1012 980 1093 Calendis,

329 1118 422 1187 Quid
437 1116 539 1180 velint
552 1115 646 1179 flores
660 1125 692 1178 et
706 1134 816 1178 acerra
830 1114 933 1177 thuris

309 1266 316 1275 .
329 1215 440 1294 Plena,
456 1215 590 1293 miraris,
605 1214 793 1297 positusque
807 1213 903 1277 carbo
917 1213 951 1277 in

415 1314 544 1397 Cespite
558 1314 643 1395 vivo,

333 1511 434 1575 Docte
449 1531 613 1575 sermones
628 1513 795 1594 utriusque
810 1511 961 1595 lingirae:

333 1610 491 1674 Voveram
505 1610 617 1674 dulces
631 1610 746 1693 epulas
759 1620 793 1674 et
806 1610 917 1674 album

334 1709 448 1774 Libero
461 1728 604 1792 caprum,
618 1727 716 1792 prope
730 1709 898 1773 funeratus

416 1807 546 1871 Arboris
560 1808 636 1872 ictu.

333 2004 396 2068 Hic
410 2004 480 2068 dies
493 2023 581 2069 anno
594 2002 748 2068 redeunte
762 2004 864 2067 festus

334 2104 494 2167 Corticem
508 2103 698 2167 adstrictum
711 2104 783 2186 pice
797 2102 980 2168 demovebit

336 2203 529 2287 Amphorae,
543 2203 674 2267 sumum
687 2202 795 2267 bibere
809 2202 975 2267 institutae

418 2301 561 2366 Consule
576 2301 687 2367 Tullo.

333 2498 444 2579 Sume,
460 2499 642 2581 Maecenas,
657 2501 795 2584 cyathos
809 2501 906 2565 amici

334 2597 469 2681 Sospitis
483 2610 624 2680 centum,
639 2610 672 2663 et
685 2600 800 2683 vigiles
814 2600 963 2665 lucernas

335 2695 443 2761 Perfer
458 2697 492 2761 in
507 2697 632 2762 lucem:
654 2699 767 2782 procul
781 2700 886 2763 omnis
900 2710 968 2763 esto

420 2795 551 2861 Clamor
565 2808 597 2861 et
610 2794 667 2862 ira.

335 2994 428 3058 Mitte
441 2996 554 3061 civiles
569 3016 665 3080 super
679 2997 766 3062 Urbe
780 3016 894 3063 curas:

335 3092 462 3158 Occidit
475 3094 560 3160 Deci
574 3097 735 3161 Cotimnis
749 3115 876 3181 agmen,

335 3190 454 3257 Medus
467 3193 605 3258 infestus
619 3196 681 3259 sibi
694 3195 850 3260 luctuosis

419 3291 563 3357 Dissidet
576 3295 683 3375 armis,

335 3488 442 3553 Servit
455 3491 622 3575 Hispanae
637 3502 733 3556 vetus
746 3491 849 3556 hostis
862 3510 937 3557 orae

335 3586 507 3671 Cantaber,
523 3610 595 3655 sera
609 3591 752 3655 domitus
768 3600 892 3671 catena,

322 3784 413 3838 cmiii
427 3788 466 3839 10.
483 3788 754 3849 dimoveffiwreliiu.
888 3792 926 3843 1⁵.
940 3787 1030 3841 Profer.
