2842 4342
505 342 557 392 nn
580 340 679 391 mun
702 339 866 392 manea
1119 323 1191 395 295

220 506 290 570 Aut
304 502 427 566 flumen
441 499 595 564 Rhenum
609 508 668 561 aut
681 495 814 579 pluvius
828 495 1016 562 describitur
1028 514 1132 561 arcus.

218 602 285 668 Sed
300 619 388 667 nunc
402 618 468 663 non
481 608 551 662 erat
563 598 615 661 his
630 592 730 660 locus.
767 595 813 659 Et
825 596 959 660 fortasse
973 615 1163 680 cupressum

218 704 291 767 Scis
306 699 468 777 simulare,
483 696 647 779 quidhoc,
663 697 691 759 si
704 695 814 759 fractis
829 706 941 760 enatat
954 715 1071 779 exspes
1148 697 1192 761 20

221 802 379 880 Navibus,
395 818 468 862 aere
481 796 560 861 dcto
574 796 632 879 qui
645 796 811 880 pingitur?
854 797 1020 879 Amphora
1033 796 1136 881 coepit

220 900 370 979 Instituit
393 907 539 962 currente
554 905 623 959 rota
635 914 694 959 cur
708 914 826 958 urceus
839 895 935 959 exiti

221 1001 370 1083 Denique
383 998 426 1062 sit
439 995 570 1080 quidvis
584 994 722 1077 simplex
736 994 900 1058 duntaxat
913 1003 946 1058 et
959 1012 1072 1059 unum.

220 1100 368 1166 Maxima
381 1116 456 1181 pars
469 1105 594 1174 vatum,
608 1104 699 1177 pater
712 1104 744 1157 et
753 1095 891 1180 Juvenes
906 1104 996 1179 patre
1010 1092 1108 1177 digni,

220 1198 408 1281 Decipimur
421 1194 526 1277 specie
539 1193 626 1257 recti
668 1190 781 1256 Brevis
795 1211 865 1256 esse
880 1192 996 1273 laboro,
1148 1192 1190 1256 25

219 1299 386 1363 Obscurus
401 1294 463 1376 fi03
486 1301 663 1357 sectantem
678 1292 764 1355 levia
777 1292 869 1355 nervi

219 1396 386 1461 Deficiunt
399 1392 584 1476 animique3
607 1390 769 1476 professus
783 1390 917 1474 grandia
932 1401 1056 1476 turget;

218 1497 325 1578 Serpit
337 1493 431 1558 humi
445 1502 536 1556 tutus
549 1492 689 1556 nimium
701 1490 900 1573 timidusque
915 1491 1079 1574 procellae

218 1596 289 1667 Qui
302 1594 426 1658 variare
440 1592 530 1675 cupit
542 1610 609 1656 rem
625 1589 842 1673 prodigialiter
854 1609 965 1670 unam,

220 1694 424 1777 Delphinum
438 1692 530 1755 silvis
543 1690 698 1775 appingit,
715 1688 869 1753 fluctibus
884 1708 1008 1772 aprum.
1148 1686 1191 1754 30

219 1795 258 1858 ln
272 1794 390 1857 vidum
403 1791 494 1855 ducit
507 1790 623 1874 culpae
636 1788 726 1873 fuga,
741 1789 768 1852 si
782 1798 871 1852 caret
884 1798 960 1852 arte.

218 1893 396 1957 Aemilium
408 1891 495 1955 circa
508 1889 624 1954 ludum
638 1888 737 1969 suber,
752 1906 840 1981 unua
854 1898 887 1950 et
900 1906 1028 1970 ungues

219 1992 389 2075 Exprimet
402 2000 434 2054 et
448 1989 562 2054 molles
575 1989 754 2053 imitabitur
767 2008 841 2051 aere
854 1987 997 2071 capillos,

219 2090 337 2155 Infelix
351 2089 454 2173 operis
468 2106 606 2168 summa,
621 2089 701 2170 quia
714 2106 831 2170 ponere
845 2096 950 2149 totum
1255 2169 1260 2175 ὁ

220 2190 370 2255 Nesciet:
393 2189 482 2252 hunc
496 2206 632 2271 agema,
648 2188 676 2251 si
689 2186 770 2270 quid
783 2204 973 2270 componere
985 2204 1104 2267 curem,
1147 2185 1190 2250 35

219 2290 295 2355 Non
309 2289 414 2371 magis
428 2307 499 2351 esse
512 2287 620 2367 velim,
635 2305 737 2369 quam
750 2305 850 2369 pravo
863 2287 972 2351 vivere
986 2305 1081 2361 naso,

218 2387 441 2473 Spectandum
455 2387 556 2470 nigris
569 2386 676 2450 oculis
689 2387 845 2469 nigroque
858 2384 985 2468 capillo.

218 2489 345 2553 Sumite
358 2487 527 2551 materiam
541 2485 663 2565 vestris,
678 2485 737 2568 qui
751 2485 895 2565 scribitis,
910 2503 1052 2567 aequam

218 2589 357 2668 Viribus,
371 2598 404 2651 et
416 2596 543 2650 versate
557 2586 624 2667 diu,
638 2584 718 2668 quid
732 2583 813 2649 ferre
824 2594 981 2664 recusent,

218 2685 311 2757 Quid
325 2686 457 2750 valeant
470 2685 605 2749 humeri.
649 2684 713 2749 Oui
728 2683 812 2748 lecta
825 2693 969 2766 potenter
981 2682 1040 2746 erit
1053 2701 1111 2762 res,
1147 2680 1191 2745 to

218 2786 288 2850 Nec
302 2784 456 2849 facundia
470 2784 594 2848 deseret
606 2785 705 2863 hunc,
721 2802 781 2847 nec
796 2782 924 2847 lucidus
938 2781 1023 2846 ordo.

219 2884 350 2949 Ordinis
363 2885 445 2948 haec
457 2884 561 2948 virtus
574 2883 633 2948 erit
646 2893 679 2947 et
693 2883 813 2962 Venus,
828 2893 886 2946 aut
898 2902 958 2965 ego
972 2881 1072 2962 fallor,

218 2985 264 3048 Ut
274 2986 349 3068 jam
358 3003 446 3048 nune
460 2983 547 3047 dicat
556 2985 627 3067 jam
640 3002 728 3047 nunc
743 2981 893 3045 debentia
907 2981 979 3061 dici,

220 3085 378 3167 Pleraque
392 3082 517 3147 differat
531 3093 563 3146 et
576 3102 728 3165 praesens
742 3082 776 3145 in
791 3091 918 3164 tempus
932 3081 1058 3145 omittat
1070 3102 1078 3162 ;

219 3184 290 3252 Hoc
305 3195 400 3263 amet,
415 3184 477 3247 boc
492 3191 622 3265 spernat
635 3182 783 3264 promissi
796 3181 949 3245 carminis
963 3190 1083 3246 auctor.
1148 3180 1190 3246 to

219 3284 259 3348 In
275 3283 380 3348 verbis
393 3283 492 3347 etiam
507 3283 614 3346 tenuis
627 3291 810 3363 cautusque
824 3279 975 3360 serendis,

221 3383 350 3447 Dixeris
363 3382 497 3466 egregie,
512 3392 627 3446 notum
642 3382 669 3446 si
682 3379 802 3444 callida
815 3379 952 3442 verbum

219 3481 407 3546 Reddiderit
416 3483 570 3566 junctura
583 3500 716 3545 novum
759 3480 795 3545 Si
810 3477 889 3542 sorte
904 3497 1034 3543 neeesse
1047 3490 1098 3544 est

219 3579 352 3645 Iudiciis
366 3591 542 3645 monstrare
555 3581 737 3645 recentibus
751 3579 861 3644 abdita
875 3598 989 3659 rerum,

374 3794 549 3858 &madriu
614 3795 742 3847 mima
807 3794 995 3858 absudsgo.
