2842 4342
478 355 666 407 ammam.
716 353 748 405 ο.
773 354 881 405 xvrm
1129 332 1176 410 9¹1

332 518 468 580 Annosa
481 511 602 575 cornix.
647 511 737 574 Dum
751 520 848 594 potes,
864 510 991 574 aridum

333 615 498 696 Compoue
513 610 656 694 liguum:
678 629 751 672 cras
765 610 906 673 Genium
921 629 1007 673 mero

376 711 515 776 CurabIs
529 720 561 771 et
574 727 669 791 porco
684 709 835 788 bimestri,
1141 709 1182 772 15

421 811 507 875 Cum
522 808 655 872 famulis
669 826 803 889 operum
819 806 942 871 solutis.

513 1332 694 1395 OARMEN
722 1330 846 1392 XVIII.

545 1514 599 1557 An
632 1514 821 1558 Faunum.

334 1677 456 1758 Ferme,
472 1676 702 1759 Nympharum
716 1671 895 1757 fugientum
909 1684 1042 1757 amator,
1100 1702 1123 1720 ·

333 1775 394 1840 Per
408 1794 498 1839 meos
513 1774 595 1838 fines
609 1783 642 1837 et
655 1773 765 1856 aprica
779 1792 854 1836 rura

336 1873 433 1938 Lenis
446 1872 587 1953 iueedas,
602 1873 765 1954 abeasque
779 1871 888 1954 parvis

418 1970 553 2054 Aequus
567 1970 719 2052 alumnis,

333 2167 370 2232 si
383 2177 472 2230 tener
485 2165 580 2249 pleno
594 2165 682 2229 cadit
695 2164 823 2229 haedus
836 2184 931 2245 anno,

336 2264 444 2347 Larga
456 2284 517 2328 nec
531 2263 651 2328 desunt
664 2264 799 2328 Veneris
811 2263 914 2328 sodali

336 2363 420 2428 Vina
434 2372 584 2443 craterae,
599 2372 694 2427 vetus
708 2382 766 2427 ara
779 2362 884 2426 multo

420 2463 543 2526 Fumat
555 2460 661 2524 odore.

339 2656 439 2720 Ludit
453 2657 588 2721 herboso
602 2676 702 2739 pecus
717 2675 813 2721 omne
830 2673 947 2739 eampo

337 2755 424 2818 Cum
439 2755 497 2819 tibi
511 2755 625 2819 Nonae
639 2754 774 2819 redeunt
788 2756 1003 2819 Decembres:

341 2851 457 2916 Festus
471 2853 508 2916 in
522 2854 621 2935 pratis
635 2864 732 2918 vacat
746 2854 847 2917 otioso

421 2952 509 3016 Cum
523 2952 605 3015 bove
619 2971 742 3035 pagus:

341 3148 428 3209 Inter
441 3145 583 3210 audaces
597 3147 695 3230 lupus
710 3157 794 3211 errat
807 3165 929 3229 agnes:

339 3243 469 3327 Spargit
481 3256 622 3328 agrestes
636 3247 694 3310 tibi
708 3245 792 3309 silva
806 3243 956 3309 frendes:

341 3341 471 3406 Gaudet
485 3345 624 3409 invisam
639 3345 802 3428 pepulisse
816 3344 919 3408 fossor

424 3442 494 3506 'I'er
506 3443 587 3526 pede
601 3454 726 3508 terram.

466 3640 496 3691 G.
507 3644 566 3691 xvii.
580 3642 619 3692 1³.
636 3642 702 3693 Dum
712 3643 785 3704 potis,
797 3639 914 3692 Orelliu.

380 3717 410 3775 G.
422 3721 489 3769 xviii.
501 3722 525 3771 5.
542 3720 621 3770 eadat.
853 3720 892 3769 12,
908 3719 1003 3785 pardu-

682 3796 703 3875 t
