2842 4342
266 303 340 375 234
665 317 880 369 sammon

264 479 306 544 ln
320 475 478 559 locuplete
492 475 589 539 domo
602 474 749 558 vestigio,
763 476 860 539 rubro
874 475 931 539 ubi
943 494 1040 540 cocco

266 579 388 644 Tincta
402 596 498 659 super
512 575 611 639 lectos
624 574 777 639 canderet
791 575 890 639 vestis
904 576 1052 656 eburnos,
1094 610 1102 629 ·

266 676 435 758 Multaque
450 674 491 739 de
506 693 628 758 magna
642 684 846 756 superessent
859 673 984 739 fercula
997 694 1106 756 coena,

265 779 364 848 Quae
378 774 489 859 procul
502 773 675 837 exstructis
689 774 816 836 inerant
829 773 982 837 hesterna
995 774 1157 839 canistris.
1225 777 1289 841 105

266 876 363 959 Ergo,
378 874 435 939 ubi
449 892 612 957 purpurea
626 882 807 955 porrectum
822 874 857 937 in
870 884 961 936 veste
974 872 1094 938 locavit

265 977 443 1060 Agrestem,
458 974 560 1038 veluti
574 974 760 1037 succinctus
773 974 908 1038 cursitet
921 974 1039 1057 hospes
1137 1045 1141 1051 ‚

123 1113 134 1133 .
265 1076 507 1157 continuatque
521 1073 630 1156 dapes,
645 1092 706 1138 nec
720 1092 788 1138 non
802 1073 968 1139 verniliter
979 1073 1058 1156 ipsis

266 1176 430 1258 Fungitur
443 1173 565 1254 officiis,
581 1172 805 1255 praelambens
819 1192 924 1254 omne,
939 1173 1027 1256 quod
1041 1173 1141 1238 affert

264 1275 324 1339 Ille
338 1254 463 1337 cibans
478 1272 599 1356 gaudet
612 1281 739 1337 mutata
754 1283 845 1353 sorte,
860 1273 1017 1356 bonisque
1226 1274 1289 1339 110

194 1360 197 1366 ⁵
265 1374 376 1439 Rebus
390 1373 457 1455 agit
472 1373 595 1439 laetum
608 1373 791 1453 convivam,
806 1392 885 1437 cum
899 1373 1005 1437 subito
1019 1374 1133 1456 ingens

265 1473 445 1537 valvarum
459 1472 610 1555 strepitus
624 1472 716 1537 lectis
731 1473 876 1537 exclusit
888 1483 1072 1555 utrumque.

266 1575 400 1637 Currere
414 1592 470 1655 per
484 1582 589 1637 toturn
604 1572 717 1655 pavidi
730 1573 894 1653 conclave,
909 1572 1078 1656 magisque

265 1672 446 1737 Exanimes
459 1670 624 1757 uepidare,
640 1671 739 1737 simul
753 1671 870 1737 domus
885 1673 953 1736 alta
966 1671 1115 1737 Molossis

266 1772 435 1837 Personuit
449 1771 596 1837 canibus
639 1772 732 1836 Tum
747 1773 906 1837 nuticus:
928 1771 1020 1837 haud
1033 1772 1115 1836 mihi
1129 1773 1199 1836 vita
1223 1774 1287 1838 115

266 1873 327 1936 Est
340 1893 422 1956 opus
436 1873 508 1954 hac,
523 1873 577 1953 ait,
592 1882 625 1937 et
638 1872 768 1954 veleas;
791 1892 844 1937 ure
859 1872 943 1936 silva
956 1891 1124 1956 carusque

266 1971 377 2036 'lutus
391 1973 434 2036 ab
448 1971 574 2037 insidiis
588 1972 678 2036 tenui
693 1972 849 2037 solabitur
863 1991 948 2036 ervo.

639 2566 803 2630 SA'HBA
831 2566 909 2629 v1L

308 2796 384 2861 Jam
397 2795 525 2860 dudum
538 2794 696 2874 ausculto,
711 2807 744 2857 et
757 2795 892 2877 cupiens
907 2794 965 2857 tibi
979 2794 1083 2858 dicere
1097 2812 1210 2859 servus

267 2894 386 2975 Pauca,
402 2894 781 2959 reformido-Davusne
795 2892 912 2962 l-Ita.
927 2894 1053 2974 Davus,
1068 2894 1214 2957 amicum

266 2993 469 3077 Mancipiurn
483 2993 627 3074 domino,
644 3004 677 3057 et
690 2993 785 3077 frugi,
801 2992 889 3077 quod
904 2993 946 3057 sit
960 2994 1047 3070 satis,
1062 2993 1124 3056 hoc
1138 3002 1197 3072 est,

213 3168 220 3179 ⁸
266 3093 311 3158 Ut
325 3093 424 3157 vitale
438 3095 663 3177 putes-Age,
679 3094 824 3158 libertate
840 3093 1020 3173 Decembri,
1121 3081 1127 3092 ’

266 3193 412 3264 Quando
426 3194 472 3258 ita
486 3194 623 3278 majores
637 3193 819 3275 voluerunt,
836 3205 942 3275 utere;
965 3211 1115 3256 narra-
1261 3191 1283 3256 6

267 3294 346 3356 Pars
360 3294 530 3358 hominum
543 3294 631 3357 vitiis
646 3293 766 3379 gaudet
780 3304 972 3373 constanter,
989 3302 1021 3355 et
1035 3300 1128 3374 urget

266 3393 489 3475 Propositum3
512 3413 586 3476 pars
601 3393 704 3457 multa
719 3404 818 3474 natat,
834 3392 931 3456 modo
945 3402 1033 3455 recta
1046 3408 1228 3473 capessens,

266 3490 434 3556 Interdum
447 3495 557 3576 pravis
571 3494 721 3558 obnoxia.
766 3494 870 3575 Saepe
885 3500 1016 3554 notatus

268 3590 354 3655 Cum
367 3592 469 3656 tribus
484 3592 609 3672 anellis,
625 3593 721 3657 modo
737 3592 832 3656 laeva
846 3592 976 3655 Priscus
991 3589 1090 3669 inani,

555 3791 609 3842 1⁰⁹.
624 3792 769 3853 pnsum
838 3790 892 3843 11⁶.
909 3788 998 3841 nbat.
