2842 4342
249 366 321 437 220
646 376 860 429 summum

248 541 283 606 si
297 541 371 623 quis
385 537 498 601 lectica
511 535 652 600 nitidam
666 544 790 617 gestare
804 544 892 597 amet
905 552 1034 616 agnam,
1395 573 1405 585 .,

246 638 333 702 Huic
348 647 472 700 vestem
485 644 524 699 ut
538 643 657 717 gnatae
671 642 769 716 paret,
785 632 923 696 ancillas
937 644 1034 716 paret,
1050 652 1184 713 numm,
1207 633 1271 696 216
1385 644 1405 686 a:

248 735 368 802 Rulam
382 746 440 798 aut
453 734 613 798 Pusillam
627 731 774 815 appellet,
790 730 925 813 fortique
940 732 1054 795 marito
1387 753 1404 788 r

246 836 395 900 Destinet
408 852 561 915 uxorem3
585 830 753 896 interdicto
767 831 846 894 hnic
860 850 956 895 omne
971 831 1095 895 adimat
1104 836 1163 917 Jus

247 937 386 1016 Praetor,
400 946 432 997 et
446 933 489 997 ad
504 951 599 996 sanos
614 932 710 995 abeat
723 931 825 994 tutela
839 931 1041 1014 propinquos.

247 1034 363 1106 Quidl
385 1032 500 1115 siquis
514 1041 648 1115 gnatam
662 1048 719 1112 pro
732 1040 826 1094 muta
840 1029 1084 1113 devovetagna,
1403 1084 1404 1109 ἶ

246 1135 374 1217 Integer
387 1143 436 1195 est
449 1130 574 1194 animil
617 1128 668 1194 Ne
682 1128 812 1193 dixeris.
856 1128 944 1211 Ergo
958 1129 1015 1192 ubi
1029 1148 1131 1211 prava
1205 1131 1269 1195 ἰῶ
1394 1150 1404 1159 ”

247 1232 399 1310 Stultitia,
415 1230 468 1294 hic
483 1248 613 1293 summa
626 1237 677 1292 est
689 1228 837 1310 insania;
859 1230 917 1310 qui
932 1228 1116 1309 sceleratus,

247 1331 292 1395 Et
305 1330 445 1395 furiosus
459 1330 534 1411 erit;
557 1348 657 1410 quem
670 1328 756 1412 cepit
769 1329 871 1391 vitrea
882 1325 983 1418 Alaina,

246 1431 345 1495 Hunc
358 1429 585 1493 circumtonuit
598 1427 746 1509 gaudens
760 1428 894 1491 Bellona
909 1428 1057 1492 cruentis.

246 1530 344 1595 Nunc
358 1548 419 1612 age
433 1527 600 1591 luxuriam
613 1536 646 1590 et
660 1526 903 1591 Nomentanum
917 1527 1020 1609 arripe
1035 1544 1187 1591 mecum:

245 1629 361 1693 Vincet
373 1627 462 1690 enirn
475 1627 590 1690 snrltos
604 1626 684 1689 ratio
698 1626 839 1690 insanire
854 1636 993 1708 nepotes.
1201 1627 1265 1691 226
1399 1631 1405 1691 'z

245 1729 309 1793 Hic
324 1727 422 1792 simul
436 1726 560 1809 accepit
573 1726 746 1808 patrimoni
759 1725 851 1789 mille
866 1726 995 1804 talenta,

246 1828 364 1908 Edicit,
379 1827 518 1910 piscator
532 1825 589 1906 uti,
604 1826 777 1907 pomarius,
792 1844 922 1908 auceps,

246 1927 489 2011 Unguentarins
502 1945 542 1989 ac
556 1925 661 1989 Tusci
675 1925 771 1988 turba
785 1925 885 2007 impia
898 1925 970 2005 vici,

246 2027 332 2090 Cum
347 2026 464 2089 scurris
477 2024 582 2103 fartor,
597 2042 674 2086 cum
689 2022 827 2087 Velabm
841 2042 936 2087 omne
950 2023 1126 2088 macellum

246 2125 345 2188 Mane
368 2123 503 2187 domum
527 2123 670 2187 veniant.
723 2122 816 2193 Quid
831 2123 925 2187 tum'l
976 2123 1098 2187 Venere
1115 2123 1262 2207 frequen-

370 2231 427 2285 tes.
1062 2226 1066 2237 ¹
1198 2222 1262 2287 230

247 2320 350 2385 Verba
364 2320 441 2386 iacit
454 2321 546 2387 leno:
569 2321 744 2405 Quidquid
757 2322 847 2402 mihi,
862 2321 1020 2404 quidquid
1035 2331 1068 2385 et
1081 2322 1200 2386 horum

245 2420 372 2503 Cuique
383 2421 470 2485 domi
485 2431 542 2503 est,
555 2421 588 2484 id
602 2421 696 2485 crede
711 2431 814 2502 tuum,
824 2431 856 2485 et
866 2421 918 2485 vel
931 2440 1021 2485 nunc
1032 2432 1103 2504 pete
1114 2421 1169 2485 vel
1180 2440 1258 2485 cras

244 2521 372 2604 Accipe,
387 2520 467 2604 quid
481 2531 591 2585 contra
600 2522 733 2606 juvenis
747 2520 943 2604 responderit
959 2539 1103 2603 aequus:

244 2620 283 2684 ln
297 2620 373 2684 nive
388 2620 524 2684 Lucana
537 2620 658 2683 dormis
672 2632 833 2700 ocreatus,
845 2631 881 2683 ut
895 2639 1011 2702 aprum

244 2720 388 2783 Coenam
402 2739 480 2802 eget
503 2729 540 2782 tu
553 2718 659 2801 pisces
674 2719 808 2782 hiberno
821 2738 864 2781 ex
878 2738 1016 2800 aequore
1030 2720 1138 2782 verris
1197 2719 1260 2783 235

243 2818 359 2901 Segnis
374 2836 433 2900 ego
448 2817 602 2900 indignus
616 2818 673 2900 qui
687 2826 816 2903 tantum
830 2817 1030 2899 possideam:
1052 2816 1164 2882 auser!

243 2916 345 2980 Sume
360 2917 415 2979 tibi
431 2916 555 2980 decies:
578 2918 635 2980 tibi
650 2915 862 2980 tantundem:
884 2917 943 2981 tibi
957 2917 1081 2999 triplex,

243 3013 339 3078 Unde
353 3033 435 3077 uxor
448 3015 557 3078 media
571 3017 671 3079 currit
684 3015 725 3078 de
739 3026 833 3079 nocte
846 3025 971 3079 vocata.

243 3112 349 3176 Filius
364 3114 482 3195 Aesopi
496 3113 675 3177 detractam
688 3135 732 3178 ex
747 3134 823 3178 aure
838 3115 996 3195 Metellae,

242 3210 373 3275 Scilicet
387 3221 424 3275 ut
438 3212 544 3276 decies
559 3213 699 3277 solidum
714 3215 905 3295 exsorberet,
921 3225 1012 3278 aceto
1196 3214 1259 3278 240

244 3309 349 3373 Diluit
363 3311 523 3394 insignem
537 3312 690 3376 baccam:
713 3326 771 3395 qut
786 3315 900 3393 sanior,
916 3333 955 3376 ac
970 3315 997 3376 si

242 3406 329 3472 lllud
344 3408 431 3473 idem
445 3412 480 3474 in
494 3412 644 3493 rapidum
658 3411 783 3475 flumen
794 3414 956 3495 jaceretve
970 3412 1142 3475 cloacaml

241 3508 360 3577 Quinti
374 3512 541 3592 progenies
555 3512 636 3593 Ant,
650 3531 709 3595 par
723 3511 829 3575 nobile
842 3511 986 3592 flatrum,

632 3757 690 3808 216.
707 3767 733 3807 et
743 3757 867 3809 l'mn'llnm.

380 3832 438 3883 2³5.
455 3832 531 3883 volu.
596 3836 654 3886 2⁴0.
672 3839 819 3897 nummi,
831 3838 957 3895 ortlltm
973 3838 1119 3889 abwrberet
