2842 4342
678 344 876 395 onumen
979 397 987 409 ,

398 500 913 585 Lenguescitmihinecpinguia
926 501 1062 568 Gellicrs
1245 507 1288 572 35

523 601 681 664 Crescunt
693 599 814 663 vellere
830 601 969 683 pascuis,

398 799 587 881 Importuna
601 808 710 861 temen
724 798 892 881 pauperies
906 799 1006 880 abest,

396 897 473 977 Nee,
489 897 517 960 si
531 896 623 980 plura
638 897 745 975 velim,
761 907 798 960 tu
812 896 888 959 dure
902 895 1050 980 deneges

396 996 569 1059 Contracto
583 994 700 1058 melius
715 1014 816 1077 parve
830 994 982 1078 cupidine

522 1093 700 1177 Vectigalia
714 1093 882 1177 porrigam

395 1292 509 1362 Quam
523 1290 550 1353 si
565 1289 752 1372 Mygdoniis
766 1308 903 1373 regnum
916 1289 1060 1374 Alyattei

396 1390 530 1472 Campis
545 1390 741 1452 continuem.
785 1389 892 1452 Multa
906 1390 1088 1471 petentibus

398 1489 526 1553 Desunt
538 1487 663 1570 multe5
686 1489 769 1552 bene
783 1497 840 1568 est,
855 1488 910 1552 eui
924 1487 1005 1551 deus
1018 1486 1134 1554 obtulit

520 1588 632 1669 Parce,
647 1587 736 1671 quod
751 1587 830 1652 setis
846 1597 904 1669 est,
919 1606 1032 1653 manu

717 1888 835 1902 —

622 2127 802 2189 OARMEN
830 2126 938 2189 XVII.

522 2325 579 2368 AD
612 2324 793 2369 nemun
826 2325 1031 2371 LAMIAH·

435 2482 522 2581 Aeli„
532 2490 659 2564 vetusto
673 2480 790 2564 nobilis
804 2496 847 2565 ub
860 2494 1017 2583 Lemo,-

434 2598 581 2672 Quando
593 2610 626 2664 et
639 2596 757 2683 priores
771 2601 848 2666 hinc
862 2584 995 2665 L‘am‘iu
1009 2590 1115 2666 ffirfmt

477 2686 710 2764 Denominetos
725 2709 758 2763 et
771 2710 925 2784 nepotum

520 2799 581 2863 Per
594 2814 753 2864 memores
767 2786 871 2882 genus
886 2817 980 2862 omne
995 2784 1095 2862 iestis

435 2994 573 3057 Auctore
587 2996 630 3059 ab
645 2995 699 3058 illo
714 2995 805 3059 ducit
817 2994 980 3077 originem,
1259 2997 1280 3058 ὗ

435 3094 506 3164 Qui
521 3093 726 3155 Formiarum
740 3093 869 3156 moenia
883 3092 1000 3156 dicitur

477 3191 629 3274 Princeps
643 3200 676 3254 et
690 3190 857 3253 innantem
872 3189 1014 3253 Maricae

518 3290 680 3354 Litoribus
695 3287 836 3351 tenuisse
851 3287 952 3350 Lirim

435 3487 515 3552 Lete
531 3498 689 3570 tyrannus
700 3505 822 3568 3-cres
836 3484 920 3548 soliis
934 3505 1051 3550 nemus

436 3585 550 3650 Multis
564 3597 596 3648 et
610 3586 686 3670 elga
701 3585 778 3649 litus
794 3585 898 3649 inutili
1242 3588 1282 3651 10

457 3716 459 3721 ·
477 3682 628 3746 Demissa
643 3695 816 3766 tempestas
830 3685 872 3748 ab
886 3685 976 3748 Euro

518 3781 652 3859 Sternet,
668 3802 773 3863 equae
787 3784 849 3845 nisi
865 3782 947 3846 fallit
961 3800 1066 3863 augur
