2842 4342
673 330 821 381 Epopon

361 487 491 551 Unxere
505 497 624 550 matres
639 487 719 550 Iliae
733 485 901 550 addictum
915 486 990 549 feris

359 586 499 651 Alitibus
514 596 611 667 etque
625 586 763 649 canibus
778 585 977 649 homicidam
992 586 1174 668 Hectorem,

359 686 537 767 Postquam
551 685 667 748 relictis
682 685 851 748 moenibus
865 705 923 748 rex
937 685 1071 768 procidit

359 785 453 847 Heu!
476 785 653 867 pervicacis
668 783 711 846 ed
726 783 823 867 pedes
837 784 984 848 Achillei.

359 885 472 947 Setosa
486 883 575 947 duris
589 903 707 947 exuere
722 883 859 966 pellibus
1216 884 1256 947 15

359 984 524 1047 Laboriosi
538 983 674 1065 remiges
688 982 806 1062 Ulixei,

359 1083 492 1147 Volente
507 1083 609 1162 Circe,
625 1082 788 1145 membre:
811 1092 890 1145 tnnc
905 1100 997 1145 mens
1011 1092 1044 1144 et
1057 1100 1157 1146 sonus

358 1182 519 1265 Relapsus
534 1193 631 1263 etque
646 1191 742 1244 notus
757 1182 791 1244 in
806 1180 917 1244 vultus
932 1181 1041 1244 honor.

359 1280 444 1343 Dedi
460 1282 538 1344 setis
553 1299 712 1362 superque
727 1299 905 1363 poenarum
919 1280 984 1360 tibi,

357 1381 478 1443 Amote
492 1381 601 1442 nautis
616 1380 758 1443 multum
771 1389 804 1443 et
819 1379 1023 1443 institoribus.
1212 1378 1256 1444 20

358 1480 459 1562 Fugit
468 1481 632 1564 juventas,
648 1488 680 1541 et
694 1478 899 1542 verecundus
913 1479 999 1543 color

358 1579 502 1663 Reliquit
514 1598 590 1641 osse
603 1577 686 1661 pelle
701 1578 822 1641 amicte
836 1577 961 1660 luride3

359 1679 446 1743 Tuis
460 1677 597 1761 capillus
616 1677 710 1741 albus
726 1688 775 1740 est
788 1676 947 1757 odoribus,

359 1778 500 1843 Nullum
514 1778 555 1841 ab
570 1777 676 1841 labore
691 1796 744 1839 me
759 1775 892 1839 reclinet
905 1776 1023 1840 otium:

359 1878 460 1961 Urget
473 1876 560 1940 diem
574 1894 640 1938 nox
654 1886 687 1938 et
700 1873 770 1938 dies
785 1885 921 1954 noctem,
936 1893 1042 1957 neque
1057 1884 1107 1937 est
1214 1874 1256 1939 25

359 1977 484 2042 Levare
499 1986 590 2039 tenta
604 1975 719 2058 spiritu
733 1973 926 2056 praecordia.

359 2076 447 2157 Ergo
462 2084 617 2157 negatum
631 2074 743 2136 vincor
757 2083 795 2136 ut
808 2072 939 2136 credam
952 2073 1056 2152 miser,

358 2171 489 2239 sabella
502 2182 615 2255 pectus
630 2171 792 2254 increpare
806 2172 960 2252 carmine,

359 2272 532 2354 Caputque
546 2271 657 2334 Mersa
670 2269 810 2334 dissilire
824 2270 930 2334 neuin

360 2369 453 2441 Quid
467 2368 607 2452 emplius
622 2369 696 2432 vis?
739 2369 769 2433 Ο
784 2389 881 2449 mare,
896 2389 916 2431 0
931 2369 1031 2432 terro!
1054 2367 1158 2448 ardeo,
1215 2366 1259 2431 30

360 2470 535 2539 Quantum
549 2487 654 2550 neque
669 2478 738 2530 otro
752 2466 915 2531 delibutus
930 2467 1085 2531 Hercules

359 2570 453 2637 Nessi
466 2587 585 2649 cruore,
600 2589 660 2633 nec
675 2568 794 2633 Sicana
807 2566 932 2632 fervide

358 2668 473 2733 Virens
488 2668 522 2731 in
537 2670 643 2731 Aetna
657 2667 811 2749 flemma5
834 2676 880 2746 tu,
896 2666 997 2729 donec
1011 2665 1093 2730 cinis

360 2768 526 2852 Injuriosis
541 2765 650 2830 aridus
665 2766 771 2829 ventis
786 2765 875 2845 ferar,

361 2867 457 2931 Gales
471 2867 605 2930 venenis
620 2865 750 2929 officina
765 2864 935 2929 Colchicis.
1216 2861 1261 2926 35

362 2967 460 3036 Quae
475 2965 550 3028 finis
566 2974 626 3028 eut
639 2964 727 3047 quod
741 2983 793 3027 me
809 2973 920 3027 monet
933 2959 1152 3045 stipendium?

361 3063 489 3127 Effare:
507 3064 616 3148 jussas
630 3082 708 3126 cum
724 3062 789 3126 fide
803 3081 924 3145 poenes
938 3061 1038 3141 luem,

362 3163 500 3227 Paratus
514 3163 652 3245 expiere,
668 3181 728 3226 seu
742 3163 921 3245 poposceris

287 3284 289 3290 ’
362 3263 503 3326 Centum
513 3263 678 3346 juvencos,
693 3261 762 3324 sive
776 3259 926 3324 mendaci
940 3258 1011 3343 lyra

364 3361 459 3426 Voles
474 3362 599 3425 sonori:
622 3370 658 3423 tu
673 3359 802 3443 pudico,
819 3371 855 3424 tu
868 3360 968 3444 probe
1219 3353 1265 3418 40

364 3459 607 3523 Perambulebis
621 3469 707 3523 estre
722 3457 812 3522 sidus
827 3476 972 3521 aureum.

364 3556 502 3622 Insemis
515 3558 661 3622 Helenae
676 3559 790 3621 Castor
803 3556 946 3622 offensus
961 3556 1067 3619 vicem

382 3728 421 3777 ll.
439 3724 541 3776 Luxere.
610 3728 648 3777 18.
667 3725 776 3776 Relatue.
852 3725 1133 3777 anomoeorum.

526 3805 567 3857 33.
584 3808 694 3867 Fortun
710 3823 788 3857 tireno⁴
865 3806 906 3857 42.
924 3807 985 3855 vice.
