2842 4342
552 339 671 389 umus
722 340 753 390 u.
778 339 858 390 vm.
1135 320 1201 393 151

541 640 722 703 OARMEN
754 639 848 701 VIII.

425 855 472 899 IN
506 855 621 899 Anum
656 853 965 898 mammosam.

345 1033 471 1116 Rogare
486 1032 582 1117 longo
596 1034 744 1117 putidam
759 1042 790 1095 to
806 1031 945 1112 saeculo,

388 1133 478 1197 Vires
492 1134 573 1216 quid
587 1142 718 1198 enervet
732 1131 846 1196 measl
1004 1202 1007 1207 y

346 1233 431 1297 Cum
446 1234 488 1297 sit
503 1234 560 1298 tibi
575 1234 746 1327 domator,
762 1243 795 1295 et
808 1232 896 1315 rugis
911 1241 1005 1295 vetus

387 1334 540 1398 Frontem
553 1343 702 1398 senectus
717 1342 835 1413 exaret,
1077 1385 1081 1393 .

345 1431 484 1515 Hietqne
499 1435 600 1517 turpis
615 1432 820 1498 interaridas
834 1442 927 1497 natas
1181 1432 1201 1494 5

386 1533 506 1614 Podar,
522 1534 613 1598 velut
626 1533 746 1598 crudae
760 1532 875 1598 bovisl

343 1632 410 1697 Sed
423 1634 536 1698 incitat
549 1655 602 1698 me
616 1644 729 1717 pactus
743 1642 776 1697 et
789 1652 952 1697 mammae
967 1638 1084 1714 putres,

385 1732 518 1815 Equina
532 1733 646 1816 quales
661 1734 769 1812 ubera,

344 1830 523 1914 Ventarqne
537 1832 643 1896 mollis
657 1844 689 1895 et
702 1832 809 1896 samur
823 1830 1021 1895 tumentibus

386 1930 484 1995 Exile
498 1933 581 1996 suris
596 1931 764 1996 additum!
1163 1931 1201 1994 to

343 2029 423 2093 Esto
437 2031 540 2113 beata,
555 2031 656 2096 sunus
670 2041 770 2114 atqua
784 2031 943 2115 imagines

385 2129 518 2195 Ducant
532 2131 744 2214 triumphales
759 2140 863 2218 tuum,

342 2228 410 2293 Neo
427 2230 468 2293 sit
482 2231 606 2311 marita,
621 2251 706 2314 qnae
721 2231 958 2296 rotundioribus

383 2327 511 2394 Onusta
524 2331 633 2395 baccis
647 2332 801 2397 ambulet

343 2428 443 2509 Quid,
459 2429 547 2511 quod
561 2430 660 2495 libelli
675 2431 775 2496 Stoici
789 2431 872 2495 inter
886 2432 1002 2496 sericos
1158 2430 1198 2495 15

383 2528 496 2592 lacera
510 2529 664 2612 pulvillos
679 2530 817 2594 amant?

342 2625 486 2691 Illitorati
500 2647 583 2693 num
597 2629 707 2692 miuus
722 2628 812 2692 nervi
827 2628 939 2711 rigent,

383 2723 537 2790 Minusvo
552 2726 687 2809 languet
700 2726 886 2791 fascinum?

341 2824 441 2895 Quod
456 2835 494 2889 ut
508 2826 645 2909 superbo
659 2845 813 2909 provoces
828 2827 870 2890 ab
887 2825 1031 2910 inguine,

382 2923 446 2989 Ore
461 2923 720 2990 adlaborandum
732 2935 782 2989 est
796 2925 861 2990 tibi.
1155 2924 1199 2990 20
