2842 4342
655 337 908 389 amomon

630 638 845 703 EPISTOLA
871 640 928 701 IX

469 839 527 884 An
557 838 810 884 cnsuntuu
841 840 1088 885 NERONEM·

352 1018 537 1103 Septimius,
553 1018 681 1098 Claudi,
696 1018 852 1082 nimirum
866 1017 1126 1102 intelligimus,

310 1120 439 1190 Quanti
453 1139 506 1183 me
520 1119 640 1182 facias:
662 1138 742 1181 nam
756 1138 834 1182 oum
848 1128 940 1202 mgat
953 1128 986 1182 ot
1000 1139 1094 1204 proco
1108 1123 1203 1206 cogit,

297 1247 298 1250 ¹
310 1219 448 1299 Scilicet,
465 1228 502 1282 ut
516 1217 574 1282 tibi
589 1237 624 1281 so
638 1216 774 1281 laudare
788 1229 820 1281 et
835 1218 958 1282 tradere
973 1238 1077 1301 coner,

311 1319 459 1401 Dignum
473 1326 579 1381 ments
594 1317 754 1401 domoque
769 1318 905 1401 legentis
918 1319 1056 1384 honesta
1070 1321 1215 1402 Neronis,

310 1418 445 1481 Munera
459 1436 537 1481 cum
551 1416 645 1500 fungi
658 1418 811 1501 propioris
825 1429 935 1481 censet
949 1419 1055 1499 amici,
1259 1420 1277 1485 ὅ

249 1521 252 1530 “
309 1516 402 1588 Quid
416 1518 537 1601 possim
551 1516 641 1581 videt
655 1537 694 1580 ao
710 1518 801 1581 novit
814 1537 867 1581 mo
882 1517 1013 1581 valdius
1027 1519 1105 1601 ipso.

310 1616 417 1680 Multa
431 1615 564 1699 quidem
578 1615 655 1696 dixi,
672 1636 731 1680 our
744 1611 922 1680 excusatus
937 1617 1076 1681 abirom:

309 1716 376 1781 Sed
391 1716 493 1796 timui,
509 1735 584 1779 moa
598 1735 640 1781 no
655 1715 791 1780 finxisse
805 1717 931 1780 minora
945 1728 1082 1800 putarat,

310 1815 539 1880 Dissimulator
551 1815 621 1898 opis
635 1816 788 1898 propriae,
803 1816 886 1880 mihi
899 1815 1089 1879 commodus
1104 1817 1172 1880 uni

308 1915 364 1980 Sic
378 1935 447 1998 ego,
462 1914 591 1999 majoris
605 1913 735 1997 fugiens
750 1914 916 1998 opprobria
930 1913 1054 1997 culpae,
1242 1916 1278 1980 10

309 2016 438 2079 Frontis
453 2015 495 2078 ad
510 2015 653 2078 urbanae
668 2014 820 2078 descendi
834 2016 986 2098 praemia.
1029 2014 1160 2085 Quodsi

309 2115 501 2197 Depositum
515 2114 632 2178 laudas
646 2115 687 2177 ob
702 2114 799 2202 amici
808 2116 902 2197 jussa
916 2114 1081 2197 pudorem,

307 2212 418 2278 Scribe
432 2214 480 2277 tui
495 2214 600 2297 gregis
614 2214 713 2295 huno,
729 2222 762 2278 et
776 2213 889 2278 sortem
903 2213 997 2278 oredo
1010 2215 1208 2298 bonumque.

632 2808 846 2872 sorssors
876 2808 915 2870 x
970 2894 974 2901 Ι

499 3026 554 3069 ΑΒ
583 3025 766 3069 Fuscum
797 3024 1051 3067 ARISTIUM·

350 3221 446 3285 Urbis
460 3228 636 3284 amatorem
651 3218 799 3282 Fuscum
814 3217 938 3280 salvere
947 3217 1102 3299 jubemus

307 3321 404 3385 Ruris
419 3331 585 3399 amatores,
600 3317 664 3381 hso
679 3319 713 3381 in
728 3338 761 3381 re
776 3317 897 3381 scilicet
911 3336 979 3379 una

307 3418 452 3484 Multum
465 3419 644 3500 dissimiles,
660 3428 695 3481 at
708 3428 813 3481 cetera
827 3436 930 3500 paene
945 3414 1082 3499 gemelli,

306 3520 470 3583 Fraternis
485 3520 611 3600 animis,
627 3516 788 3602 quidquid
803 3526 901 3598 negat
916 3515 1004 3595 altor,
1021 3524 1053 3578 et
1067 3514 1155 3594 alter,

307 3618 494 3683 Annuimus
507 3620 625 3702 pariter
639 3617 741 3682 vetuli
757 3617 888 3699 notique
904 3615 1056 3680 columbi
1265 3612 1286 3674 ὗ

650 3817 677 3865 Ε.
690 3833 715 3867 x.
726 3819 750 3868 3.
768 3816 902 3869 adcelera.
