2842 4342
256 343 329 417 808
581 360 633 411 nn
657 360 756 411 aurs
779 361 942 413 Poenos

255 517 306 597 Ut,
321 518 379 599 qui
392 516 543 581 conducti
556 517 684 599 plorant
697 518 732 581 in
747 517 867 597 sunere,
882 517 996 582 dicunt

253 617 298 681 Et
311 616 436 680 faciunt
450 636 547 699 propo
560 615 654 700 plura
667 616 849 681 dolentibus
864 637 907 680 ex
921 620 1047 683 ammo:
1070 620 1118 683 sic

253 715 382 777 Derisor
397 734 471 778 vero
485 715 560 798 plus
574 715 739 779 laudatore
754 726 910 780 movetur.
990 758 996 774 .

253 815 359 896 Reges
373 814 526 878 dicuntiu
539 815 651 879 multis
665 834 777 897 urgere
791 814 923 879 culullis

254 914 299 978 Et
313 923 457 996 torquere
472 932 568 995 mero,
582 932 682 996 quem
695 914 896 996 perspexisse
910 915 1063 995 laborant,
1205 916 1277 981 43⁵

253 1014 307 1076 An
322 1012 364 1075 sit
377 1012 520 1075 amicitis
532 1011 669 1095 dignus:
691 1013 720 1075 si
734 1012 879 1075 carmina
892 1012 1019 1093 condes,

254 1112 434 1192 Nunquam
448 1121 478 1174 ta
492 1110 609 1174 sallent
621 1111 724 1174 animi
738 1111 800 1175 sub
814 1112 912 1195 vulpe
927 1112 1070 1176 latentes

253 1212 433 1283 Quinctilio
447 1212 475 1274 si
489 1210 568 1292 quid
582 1211 739 1291 recitares,
755 1212 892 1295 (lonigo,
907 1211 1009 1291 sodes,

252 1313 332 1391 Hoc,
347 1311 462 1389 aiebat,
477 1319 510 1373 et
523 1309 593 1373 boc.
638 1310 758 1374 Melius
772 1320 804 1373 te
818 1330 911 1393 posse
925 1331 1058 1394 negares
1269 1345 1271 1348 ·

252 1413 308 1476 Bis
323 1422 435 1493 terque
450 1419 619 1493 expertum
633 1409 761 1491 frustra,
776 1410 881 1474 delere
891 1412 1034 1496 jubebat,
1205 1414 1271 1478 440

252 1511 298 1574 Et
311 1510 397 1574 male
412 1520 551 1574 tornatos
566 1509 677 1573 incudi
691 1509 822 1574 reddere
837 1530 957 1574 versus.

251 1609 288 1673 si
302 1608 472 1673 defendere
486 1608 649 1689 delictum,
664 1627 767 1690 quam
781 1620 911 1689 vertere,
926 1609 1058 1691 malles3

251 1707 390 1772 Nullum
404 1708 489 1772 ultra
502 1707 639 1771 verbum
652 1719 711 1772 aut
724 1726 854 1791 operam
869 1709 1053 1773 insumebat
1067 1710 1210 1791 inanem,

251 1808 345 1878 Quin
361 1808 430 1871 sine
444 1807 537 1871 rivali
551 1818 646 1890 teque
659 1818 692 1870 et
706 1818 764 1873 tua
777 1807 865 1871 solus
879 1827 1014 1871 amares

253 1905 428 1969 virbonus
442 1906 628 1988 etprudens
643 1924 756 1969 versus
771 1906 980 1987 reprehendet
995 1908 1118 1987 inertes,
1203 1910 1267 1974 445

252 2005 405 2087 Oulpobit
419 2004 526 2085 duros,
535 2005 711 2087 'incomptis
727 2005 850 2068 adlinet
864 2016 972 2071 atrum

251 2102 453 2165 Transverso
467 2103 595 2167 calamo
609 2104 749 2186 signum,
764 2104 934 2167 ambitiosa
948 2103 1064 2168 recidet

250 2198 458 2280 Ornamenta,
474 2221 589 2283 parum
603 2202 698 2265 claris
712 2201 819 2266 lucem
833 2202 909 2266 dare
922 2212 1022 2286 coget,

249 2298 373 2379 Arguet
386 2299 537 2382 ambigue
552 2300 685 2382 dictum,
700 2302 859 2366 mutanda
873 2302 1004 2382 notabit,

250 2396 323 2460 Fiet
336 2397 551 2462 Aristarchus.
594 2400 668 2464 Non
683 2401 788 2465 dicet:
810 2421 869 2465 cur
882 2421 942 2484 ego
955 2402 1098 2465 amicum
1201 2405 1265 2470 450

249 2496 424 2561 Offendam
437 2498 473 2562 in
488 2499 608 2582 nugisl
651 2501 724 2564 Hae
738 2520 845 2583 nugae
859 2501 943 2563 seria
956 2500 1076 2564 ducent

248 2597 288 2660 ln
302 2596 391 2661 mala
404 2597 547 2662 derisum
561 2599 661 2663 semel
675 2611 911 2682 exceptumque
925 2600 1060 2664 sinistre.

249 2697 294 2760 Ut
307 2697 395 2761 mala
408 2716 507 2780 quem
520 2697 644 2762 scabies
658 2710 717 2762 aut
730 2701 861 2764 morbus
875 2701 982 2784 regius
996 2712 1096 2784 urget,

248 2796 315 2859 Aut
329 2794 490 2860 fanaticus
504 2817 588 2861 error
601 2809 633 2861 et
647 2798 805 2862 iracunda
819 2800 936 2879 Diana,

247 2892 414 2959 Vesanum
428 2896 569 2979 tetigisse
583 2898 698 2961 timent
711 2898 906 2981 fugiuntque
920 2910 1056 2982 poetam,
1198 2902 1261 2966 455

19 3050 20 3053 ,
153 3058 156 3063 ⁴
246 2992 318 3062 Qui
332 2995 481 3075 sapiunt:
504 2996 629 3077 agitant
643 2998 743 3079 pueri,
759 2998 946 3079 incautique
960 3009 1149 3080 sequuntur.

242 3091 318 3172 Hic,
332 3090 415 3156 dum
428 3092 576 3156 sublimis
590 3113 705 3158 versus
720 3106 862 3160 ructatur
876 3107 908 3159 et
922 3107 1012 3176 errat,

246 3191 283 3256 Si
297 3192 398 3255 veluti
412 3192 544 3256 merulis
559 3196 702 3257 intentus
717 3194 844 3258 decidit
851 3215 971 3279 auceps

246 3291 286 3355 In
301 3301 437 3373 puteum
449 3291 627 3373 foveamve,
644 3293 725 3373 licet,
741 3295 930 3375 Succorum,
948 3296 1082 3378 longum

246 3390 382 3472 Clamet,
397 3393 428 3455 io
442 3392 529 3456 cives
543 3394 550 3456 l
573 3413 638 3457 non
654 3395 695 3457 sit
708 3395 765 3475 qui
780 3395 887 3459 tollere
901 3407 999 3460 curet
1197 3397 1260 3461 tou

245 3487 282 3553 Si
295 3500 385 3553 curet
398 3491 472 3573 quis
487 3511 581 3575 opem
595 3493 674 3557 ferre
687 3503 720 3556 et
734 3492 898 3558 demittere
912 3495 1034 3577 funem,

245 3587 316 3658 Qui
331 3589 402 3670 scis,
418 3609 462 3653 an
475 3592 617 3674 prudens
631 3594 697 3656 buc
712 3612 747 3655 se
761 3595 931 3677 projecerit,
946 3605 1044 3677 atque

325 3818 383 3867 441.
400 3816 523 3877 formatos.
534 3817 565 3868 de
575 3822 655 3885 conju
673 3830 709 3873 tar
719 3831 798 3881 natos,
808 3822 839 3873 de
849 3826 912 3889 conj.
984 3823 1042 3875 443.
1058 3824 1177 3876 meast
