2842 4342
566 984 603 1066 Q.
631 986 815 1063 Humili
848 985 1000 1099 sunuel

411 1244 1154 1346 EPISTOLARUM

607 1527 746 1594 nmen
769 1484 954 1594 'ramus

698 1706 865 1778 Q
883 1696 946 1773 {13

647 1936 863 2001 EPISTOLA
892 1936 917 2000 1.

567 2136 624 2180 an
654 2116 999 2181 mascusium.

315 2311 438 2376 Parus
452 2311 537 2377 dicta
551 2314 641 2395 mihi,
657 2332 790 2379 summa
803 2313 939 2379 dicende
954 2315 1129 2397 Camoena,

272 2412 462 2494 Spectatum
476 2414 554 2478 satis
568 2424 601 2478 et
614 2414 772 2478 donatum
781 2416 852 2498 jam
866 2412 946 2479 rude
959 2415 1097 2498 quaeris,
1209 2435 1212 2439 ·

273 2511 456 2594 Maecenas,
472 2524 588 2578 iterum
603 2514 737 2596 antiquo
751 2533 804 2578 me
820 2513 983 2578 includere
998 2513 1087 2578 ludo.

273 2611 347 2675 Non
361 2610 477 2676 eadem
490 2622 539 2676 est
552 2625 650 2694 aetas,
665 2632 732 2677 non
747 2632 848 2677 mens.
865 2656 874 2667 -
892 2614 1056 2695 Veianius,
1071 2613 1172 2677 armis

272 2711 423 2775 Herculis
437 2711 480 2776 ad
495 2723 619 2795 postem
633 2712 719 2794 fixis,
735 2713 816 2777 latet
829 2712 959 2777 abditus
974 2732 1059 2796 agro,
1271 2712 1294 2778 ὅ

273 2809 324 2873 Ne
338 2811 495 2894 populum
508 2822 654 2876 extrema
668 2813 761 2876 toties
775 2822 886 2876 exoret
900 2831 1008 2876 arena
1034 2804 1036 2807 ’
1094 2884 1098 2891 ,

273 2907 336 2973 Est
350 2910 431 2975 mihi
445 2922 617 2995 purgatam
630 2912 739 2976 crebm
754 2912 811 2994 qui
826 2922 974 2995 personet
987 2930 1118 2975 aurem:

265 3008 372 3073 ‘Solve
386 3020 606 3074 senescentem
620 3022 746 3075 mature
761 3030 863 3075 sanus
877 3030 1008 3094 equum,
1024 3029 1065 3074 ne

277 3108 390 3172 Peccet
404 3108 447 3172 ad
460 3120 642 3173 extremum
655 3108 819 3191 ridendus,
835 3123 868 3174 et
881 3111 937 3174 ilia
950 3109 1058 3174 ducat

276 3208 306 3273 N
308 3228 373 3272 unc
388 3209 498 3292 itaque
512 3220 544 3273 et
558 3229 671 3274 versus
699 3220 732 3273 et
753 3221 859 3274 cetera
873 3210 998 3274 ludicra
1012 3228 1115 3293 pono;
1255 3210 1299 3273 10

276 3308 368 3379 Quid
382 3328 497 3374 verum
511 3321 609 3393 atque
623 3309 750 3391 decens,
765 3330 843 3374 curo
858 3320 890 3373 et
903 3330 987 3393 rogo,
1002 3321 1035 3373 et
1047 3311 1155 3373 onmis
1177 3308 1211 3373 in
1233 3310 1299 3373 hoc

402 3428 495 3473 sum:

277 3505 391 3569 (londo
405 3518 438 3570 et
451 3528 616 3591 compono,
633 3528 717 3592 quae
731 3528 809 3572 mox
823 3508 1007 3591 depromere
1021 3508 1152 3590 possim

281 3605 335 3685 Ac,
350 3623 392 3667 ne
407 3604 486 3669 sorte
500 3628 600 3690 roges,
616 3627 682 3690 quo
695 3628 749 3673 me
763 3607 855 3689 duce,
870 3626 937 3691 quo
952 3607 1017 3670 lare
1032 3616 1134 3670 tuter:

280 3704 411 3770 Nullius
424 3705 575 3770 addictus
585 3710 693 3792 jurare
708 3709 743 3771 in
758 3708 856 3772 verba
870 3706 1024 3791 magistri,

279 3804 357 3890 Quo
370 3823 423 3885 me
437 3823 568 3903 cunque
583 3807 666 3895 rapit
680 3816 862 3899 tempestas,
877 3806 1001 3871 deseror
1015 3806 1141 3907 hospes
1260 3800 1301 3883 1⁶.
