2842 4342
244 354 316 424 262
623 365 878 416 missenensis

244 527 336 592 Vivis
350 535 383 589 et
397 524 508 605 urtica,
523 518 573 587 sid
584 523 676 586 vives
691 522 845 605 protinus,
861 532 899 585 ut
911 533 945 586 te

246 624 425 690 Confestim
439 622 583 706 liquidus
598 623 763 686 Fortunae
776 621 866 685 rivus
881 621 1025 687 inauret:

244 725 303 789 Vel
317 724 396 807 quia
409 734 562 788 naturam
574 732 701 786 mutare
716 721 980 809 pecunianescit,
1221 722 1260 785 10

244 823 304 888 Vel
317 823 397 906 quia
410 831 530 887 cuncta
542 832 639 905 putas
654 838 723 886 una
736 821 855 885 virtute
869 820 1004 884 minora

244 923 410 1004 Miramur,
426 924 454 987 si
468 922 643 986 Democriti
656 940 757 1005 pecus
770 920 837 984 edit
850 920 972 1004 agellos

245 1023 417 1106 Cultaque,
432 1021 513 1087 dum
526 1040 655 1105 peregre
668 1030 720 1084 est
733 1021 863 1084 animus
877 1019 947 1083 sine
960 1038 1090 1103 corpore
1104 1019 1218 1083 velox:

245 1123 333 1188 Cum
347 1134 383 1187 tu
398 1124 480 1188 inter
494 1122 636 1186 scabiem
650 1130 777 1185 nutam
790 1130 823 1184 et
836 1121 987 1203 contagia
1002 1119 1092 1200 lucri,

247 1222 575 1306 Nilparvumsapias
589 1231 621 1285 et
634 1220 745 1284 adhuc
759 1219 912 1284 sublimia
924 1239 1035 1284 cures:
1221 1221 1259 1284 15

247 1324 344 1393 Quae
358 1340 447 1386 mare
460 1330 668 1403 compescant
680 1339 810 1401 causae,
825 1319 904 1402 qnid
919 1329 1072 1403 temperet
1085 1338 1219 1401 annum,

246 1420 366 1487 Stellae
380 1430 492 1504 sponte
506 1439 568 1483 sua
576 1421 732 1505 jussaene
745 1430 907 1503 vagentur
920 1430 954 1484 et
966 1429 1079 1499 errem,

246 1519 340 1591 Quid
353 1529 477 1604 premat
489 1520 665 1583 obscurum
679 1519 786 1601 lunae,
802 1519 882 1603 quid
895 1519 1033 1603 proterat
1045 1522 1164 1602 orbem,

247 1619 340 1690 Quid
354 1619 433 1684 velit
446 1630 479 1684 et
492 1620 591 1703 possit
605 1638 714 1683 rerum
727 1619 899 1685 concordia
912 1619 1041 1699 dissors,

248 1718 471 1803 Empedocles,
486 1719 734 1784 anStertinium
749 1718 861 1784 deliret
874 1720 1038 1784 acumeni
1220 1719 1260 1783 20

248 1819 369 1884 Verum
384 1838 443 1883 seu
456 1819 560 1903 pisces
575 1837 633 1882 seu
647 1837 778 1901 porrum
790 1828 824 1882 et
836 1838 934 1902 caepe
949 1818 1100 1899 trucides,

180 1910 187 1922 ’
247 1920 344 1986 Utere
359 1919 512 2003 Pompeio
526 1919 681 2001 Grospho,
696 1927 737 1998 et,
753 1919 781 1982 si
795 1917 875 2001 quid
889 1928 982 2001 petet,
997 1917 1081 1982 uitro

249 2017 364 2082 Deter:
386 2018 433 2080 nil
448 2017 616 2100 Grosphus
630 2017 694 2081 nisi
707 2035 824 2081 verum
836 2017 938 2081 orabit
950 2027 983 2081 et
997 2035 1150 2099 aequum.

248 2117 329 2182 Vilis
343 2117 521 2181 amicorum
536 2127 585 2181 est
598 2135 738 2198 annona,
754 2117 846 2182 bonis
861 2117 917 2181 ubi
931 2116 1011 2199 quid
1025 2115 1122 2181 deest

248 2216 298 2281 Ne
313 2225 423 2278 tamen
437 2215 571 2297 ignores,
587 2236 653 2299 quo
667 2217 709 2281 sit
723 2217 873 2281 Romana
886 2215 957 2280 loeo
970 2235 1037 2280 res:
1221 2215 1261 2281 25

249 2315 410 2405 Cantaber
424 2314 593 2398 Agrippas,
609 2315 730 2380 claudi
744 2318 861 2380 virtute
875 2315 1012 2381 Neronis

248 2413 422 2477 Armenius
436 2412 570 2496 cecidit3
587 2417 643 2499 jus
658 2415 894 2499 imperiumque
908 2416 1064 2480 Phraates

248 2512 397 2577 Caesaris
410 2515 534 2597 accepit
549 2515 686 2597 genibus
700 2516 823 2598 minor;
846 2535 945 2579 aurea
959 2514 1067 2599 tinges

248 2612 361 2677 Italiae
375 2612 470 2697 pleno
484 2612 633 2679 defundit
647 2615 750 2698 Copia
763 2634 872 2679 cornu.

589 3154 804 3219 EPISTOLA
830 3155 925 3217 XIII.

489 3354 546 3399 AD
576 3354 756 3399 vunnu
787 3353 1021 3399 ASELLAM·

331 3529 377 3595 Ut
391 3530 646 3611 proficiscentem
660 3532 757 3596 docui
771 3541 802 3596 te
816 3552 912 3615 saepe
927 3531 1063 3617 diuque,

288 3630 437 3713 Augusto
451 3624 707 3714 reddes'signata
722 3631 897 3712 volumina,
912 3633 997 3712 vini,

287 3727 325 3792 si
338 3727 478 3808 validus,
493 3729 521 3791 si
535 3728 640 3794 laetus
653 3731 720 3811 erit,
736 3731 765 3794 si
778 3730 917 3814 denique
932 3740 1062 3813 poscet:

288 3824 339 3889 No
352 3825 461 3890 studio
474 3829 572 3890 nostri
587 3846 707 3908 pecces,
724 3828 899 3912 odiumque
913 3830 1030 3894 libellis
