2842 4342
670 357 871 409 mmmmm

475 504 641 598 nepeta
655 493 936 599 uffihenfinapb
949 508 1069 601 aaran

518 610 600 681 vua
614 604 733 680 ruem.
777 610 865 696 run
881 600 1118 698 creationi

434 816 560 898 Fruges
574 824 607 878 et
620 813 706 896 agris
721 813 829 877 retulit
843 814 965 893 uberes,

390 959 394 966 ·
435 914 482 978 Et
495 914 590 996 sigua
603 923 711 976 nostro
725 913 863 976 restituit
877 913 951 977 Jovi

478 1012 618 1095 Derepta
632 1012 827 1075 Parthorum
840 1012 986 1095 superbis

518 1111 677 1192 Postibus,
692 1121 726 1175 et
738 1130 883 1175 vacuum
896 1111 1013 1176 duellis

434 1286 559 1372 ianum
572 1308 705 1379 Quirini
719 1308 845 1389 elausit,
860 1321 893 1372 et
907 1309 1052 1375 ordinem

434 1407 574 1471 Rectum
587 1408 743 1490 evaganti
756 1407 847 1471 frena
862 1407 1009 1472 licentiae
1244 1411 1285 1476 10

475 1505 597 1589 Injeeit,
612 1506 799 1588 emovitque
813 1505 937 1589 culpas,

412 1662 417 1671 .
519 1604 565 1668 Et
578 1614 700 1668 veteres
715 1606 880 1696 revocavit
892 1615 985 1687 artes,

436 1803 497 1865 Per
511 1821 595 1884 quaa
608 1802 765 1867 Latinum
779 1822 899 1867 nomen
913 1812 946 1866 et
959 1802 1062 1867 Italae

437 1901 572 1964 crevere
586 1902 670 1964 vires
685 1900 838 1983 famaque
852 1912 885 1965 et
899 1903 1011 1985 impert

477 2000 626 2064 Porreota
639 2000 952 2085 majestasadortus
1246 2003 1287 2066 15

520 2099 605 2165 Solis
619 2100 662 2164 ab
676 2101 831 2183 Hesperio
845 2100 953 2165 cubili.

435 2294 578 2360 Custode
593 2316 701 2360 rerum
716 2298 863 2378 Caesare,
878 2317 945 2362 non
959 2297 1048 2363 furor

435 2394 549 2458 Civilis
563 2397 686 2460 antris
701 2398 811 2481 exiget
823 2398 936 2478 otium,

477 2494 551 2558 Non
566 2495 622 2575 ira,
637 2514 724 2578 quae
737 2497 884 2580 procudit
897 2515 991 2561 enses

520 2594 566 2657 Et
579 2595 715 2659 miseras
729 2597 874 2661 inimicat
888 2597 992 2661 urbes.
1244 2594 1288 2660 2⁰

437 2793 520 2874 Non,
535 2796 593 2878 qui
607 2793 806 2879 profundum
821 2794 1013 2859 Danubium
1026 2794 1149 2876 bibunt,

437 2895 556 2959 Edicta
570 2907 720 2979 rumpent
734 2894 831 2976 Julia,
847 2913 914 2958 non
929 2895 1039 2975 Getae,

479 2994 555 3058 Non
569 2995 663 3058 Seres
678 2994 813 3059 infidive
827 2995 954 3075 Persae,
1035 3068 1044 3075 ¹

521 3095 595 3160 Non
610 3095 745 3158 Tanain
758 3113 854 3178 pmpe
870 3094 995 3159 fiumen
1009 3094 1077 3158 orti.
1191 3160 1196 3169 ,

437 3276 570 3360 Nosque
583 3288 616 3340 et
629 3276 775 3359 profestis
789 3274 918 3340 lucibus
932 3289 965 3340 et
979 3278 1079 3342 saeris
1247 3278 1292 3343 25

440 3377 527 3440 Inter
535 3378 636 3461 jocosi
650 3396 787 3441 munera
801 3374 918 3456 Liberi,

480 3477 568 3540 Cum
581 3477 669 3560 prole
683 3475 903 3557 matronisque
917 3476 1044 3555 nostris,

524 3575 598 3639 Rite
612 3576 689 3639 deos
704 3576 793 3660 prius
808 3575 978 3658 appreoati,

410 3755 439 3808 G.
449 3772 491 3808 xv.
502 3757 526 3808 9.
544 3757 634 3808 Jeuom
647 3760 785 3820 Quirinum,
797 3760 827 3810 de
838 3763 902 3826 conj.
1004 3759 1042 3810 15.
1059 3766 1148 3809 ortum.

568 3839 607 3888 18.
623 3840 715 3888 eximit.
822 3842 861 3891 19.
878 3840 995 3902 moduni
