2842 4342
683 341 883 394 ommutuit

486 499 584 564 Nunc
598 499 633 563 in
647 498 841 563 reluctantes
855 498 1010 564 dracones

528 597 607 682 Egit
620 617 711 662 emor
724 597 818 681 dapis
832 607 931 680 utque
944 617 1093 682 pugneo:

444 794 630 867 Qualemve
645 793 738 857 laetis
752 813 869 878 cepres
884 795 1015 876 pascuis

446 893 699 976 lntente‚iulvee
714 894 826 957 metris
840 894 883 958 ab
897 895 995 958 ubere

486 993 660 1059 Jamlecte
674 991 849 1075 depulsum
864 992 999 1074 leonem,
1254 996 1295 1057 16

529 1093 633 1156 Dente
648 1109 734 1155 novo
747 1089 895 1174 periture,
910 1090 1011 1155 vidit:

447 1287 558 1352 Videre
572 1288 683 1352 Raetis
697 1288 784 1352 bella
796 1287 859 1351 sub
873 1287 1011 1370 Alpibus

445 1389 590 1453 Drusum
604 1396 768 1469 gerentem
782 1386 940 1451 Vindelici
949 1386 1122 1469 ;-quibur

488 1486 561 1549 Mos
576 1485 663 1549 unde
678 1484 838 1549 deductus
852 1504 1019 1569 peremne

528 1585 677 1667 Tempus
692 1584 874 1648 Amazonia
888 1584 993 1648 securi

445 1782 585 1846 Dextrae
599 1781 752 1861 obarmet,
766 1800 919 1863 quaerere
933 1779 1044 1844 distuli
1055 1801 1064 1862 3

445 1880 514 1945 Nec
529 1881 609 1944 scire
623 1878 673 1943 ses
687 1889 736 1942 est
750 1878 861 1942 omnia
870 1878 978 1960 ;-sed
995 1878 1052 1943 diu

489 1979 635 2061 tneque
649 1977 797 2041 victrices
811 1986 959 2040 catervae

529 2077 680 2142 Consiliis
689 2077 821 2160 juvenis
835 2076 973 2140 revictae

369 2337 372 2345 ,
445 2275 587 2353 Sensere,
603 2271 683 2355 quid
696 2291 790 2336 mens
805 2274 871 2353 rite,
886 2272 966 2355 quid
980 2271 1104 2336 indoles

447 2372 575 2439 Nutrita
590 2371 706 2435 faustis
721 2372 783 2436 sub
797 2371 1013 2455 penetralibus

487 2472 608 2550 Posset,
623 2469 703 2553 quid
718 2470 861 2554 Augusti
876 2480 1028 2553 paternus

529 2570 569 2634 In
582 2589 698 2653 pueros
712 2570 844 2634 animus
858 2569 1010 2634 Nerones.

447 2784 559 2848 Fortes
573 2794 722 2848 creantur
735 2783 870 2847 fortibus
883 2792 915 2846 et
929 2781 1039 2863 bonis3

447 2883 509 2947 Est
523 2883 557 2946 in
566 2884 725 2967 Juvencis,
740 2894 788 2946 est
802 2884 837 2945 in
851 2882 943 2964 equis
958 2891 1087 2964 petrum

489 2982 606 3061 Virtus,
621 3001 727 3063 neque
742 2980 905 3044 imbellem
919 2979 1040 3043 feroces

529 3081 746 3161 Progenerent
760 3079 889 3160 aquilae
904 3077 1107 3142 columbam:

447 3291 602 3356 Doctrina
616 3289 673 3353 sed
687 3289 755 3352 vim
769 3297 934 3371 promovet
948 3287 1089 3369 insitam,

447 3392 604 3472 Rectique
618 3387 727 3453 cultus
742 3398 869 3470 pectora
883 3387 1052 3452 roborent:

489 3489 664 3571 Utcunque
679 3486 820 3550 defecere
834 3505 947 3566 mores,

531 3587 723 3652 lndecorant
737 3587 817 3652 bene
833 3594 910 3650 neta
923 3584 1049 3667 culpae.

509 3799 550 3849 2⁴.
567 3813 697 3861 reprom.
845 3798 886 3849 36.
905 3798 1065 3849 Dsdeesmnt.
