2842 4342
468 351 627 403 munt.
677 352 813 403 nxnn
1088 336 1160 419 stt

140 511 242 583 Quod
256 519 403 594 superest
415 509 499 589 aevi,
514 507 636 592 siquid
650 527 817 591 superesse
830 510 945 575 volunt
959 510 1012 576 dt:

140 612 191 677 Sit
205 611 292 674 bona
305 609 461 673 librorum
473 618 507 671 et
519 608 665 692 provisae
679 608 783 692 {mgis
798 609 831 672 in
846 628 973 675 annum

142 712 263 795 Copia:
283 728 351 775 neu
364 708 491 774 fluitem
504 708 622 773 dubiae
637 729 694 793 spe
709 708 872 792 pendulus
886 711 1003 775 horse!
1098 712 1161 778 110

142 811 208 877 Sed
222 811 302 876 satis
316 820 366 875 est
378 828 468 874 orate
481 809 606 890 Jovem‚
620 828 706 892 quae
721 808 821 873 donat
835 820 867 873 et
881 809 1005 875 aufert:

144 912 208 979 Det
221 913 333 994 vitam,
348 909 404 976 det
416 928 510 995 opes:
532 927 677 993 aequum
690 918 738 974 mt
751 910 902 975 animum
915 910 984 997 ipse
997 912 1127 996 parabo.

488 1514 704 1579 uPisuonA
729 1515 818 1577 XIX

457 1729 510 1773 AD
538 1729 859 1775 muscetanum.

229 1923 339 1987 Priscu
352 1923 381 1987 si
394 1921 505 2003 eredis,
521 1922 697 1986 Maeeenas
714 1920 816 2003 docte,
831 1922 972 2004 Cratino,

189 2024 289 2089 Nulla
302 2024 428 2108 plaeere
442 2023 500 2087 diu
514 2042 574 2088 nee
588 2023 697 2087 vivere
711 2022 858 2087 earmina
871 2034 1014 2107 possunt,

187 2125 286 2195 Quae
301 2123 484 2187 scribuntur
497 2141 603 2206 aquae
617 2123 790 2205 potoribus
833 2121 879 2187 Ut
892 2123 977 2188 male
992 2142 1090 2190 sanos

188 2223 367 2307 Adseripsit
380 2222 476 2287 Liber
489 2223 616 2306 Satyris
630 2223 822 2306 Faunisque
835 2234 954 2306 poetas,

188 2323 273 2389 vina
286 2322 352 2386 iere
365 2321 479 2385 dulces
492 2322 644 2386 oluerunt
657 2341 755 2386 mane
770 2323 944 2387 Camenae.
1141 2324 1163 2388 ὅ

187 2421 359 2486 Laudibus
373 2421 520 2505 atguitur
532 2422 602 2486 vini
615 2422 751 2486 vinosus
765 2422 945 2487 Homerus:

188 2520 320 2584 Ennius
333 2521 402 2603 ipae
416 2530 506 2603 puter
519 2538 692 2604 nunquam
706 2522 769 2585 nisi
783 2531 878 2604 potus
892 2521 935 2585 ad
950 2540 1042 2586 arma

188 2619 341 2684 Pmsiluit
354 2619 501 2684 ffieenda
545 2621 668 2684 Forum
682 2621 857 2704 puteelque
870 2620 1005 2685 Libonis

189 2717 355 2783 Mundabo
370 2719 472 2800 siccis,
488 2717 633 2782 adimam
647 2730 779 2783 eantare
793 2720 931 2801 severis3

189 2817 262 2882 Hoc
276 2818 374 2883 simul
389 2817 486 2899 edixi,
500 2836 568 2882 non
581 2837 748 2882 cessavere
763 2828 877 2900 poetae
1126 2816 1165 2881 10

189 2916 356 2983 Nocturna
369 2926 489 2982 certare
503 2936 599 2998 mero,
615 2928 725 3001 putere
739 2915 864 2980 diurno.

188 3017 291 3097 Quid,
307 3018 423 3101 siquis
436 3016 533 3081 vultu
547 3027 637 3081 torvo
651 3017 739 3081 tems
752 3026 785 3080 et
798 3014 880 3099 pede
894 3014 985 3079 nudo

188 3116 406 3200 Exiguueque
419 3128 514 3201 togae
527 3117 659 3182 simulet
672 3127 795 3181 textore
809 3116 976 3195 Catonem,

187 3215 390 3281 virtutemne
403 3226 618 3300 repraesentet
633 3236 802 3301 moresque
816 3215 975 3281 Catonis?

186 3314 290 3399 Rupit
303 3316 458 3381 Iarbitam
472 3317 666 3401 Timagenis
680 3316 946 3400 aemulalingua,
1123 3314 1164 3378 15

187 3414 280 3479 Dum
294 3415 403 3479 studet
417 3417 563 3481 urbanus
578 3416 744 3499 tenditque
757 3414 896 3480 disertus
911 3414 1031 3479 haberi.

187 3512 317 3596 Decipit
331 3516 499 3600 exemplar
512 3518 599 3581 vitiis
614 3515 788 3609 imitabile:
810 3514 926 3598 quodsi

186 3614 347 3679 Pallerem
361 3635 451 3698 essu,
466 3618 610 3682 biberent
623 3635 791 3699 exsangue
807 3616 986 3679 cuminum.

186 3711 217 3775 Ο
231 3713 417 3797 imitatores,
433 3736 564 3781 servum
577 3736 685 3800 pecus,
701 3728 738 3779 ut
752 3716 833 3780 mihi
848 3734 943 3798 saepe

185 3810 300 3895 Edem,
315 3834 412 3899 saepe
422 3817 533 3900 jocum
546 3817 644 3880 vestii
657 3834 786 3881 movere
800 3814 980 3879 tumultuet
1120 3809 1164 3875 2⁰
