2842 4342
251 354 325 427 288
526 398 531 406 -
626 371 882 423 arrarumnmr

152 505 161 522 ⁰
292 527 494 609 Perdiderat;
517 529 665 612 posthoc
680 529 857 593 vehemens
872 528 977 612 lupus,
993 540 1026 593 et
1039 529 1148 595 sibiet
1163 531 1262 596 hosti
1394 530 1395 599 l

292 629 398 692 iratus
412 629 535 711 pariter,
546 629 665 713 jejunis
679 628 832 692 dentibus
846 648 928 708 acer,
1394 620 1395 627 '

292 727 494 791 Praesidium
508 727 615 811 regale
629 727 699 791 loco
713 727 835 812 dejecit,
851 738 888 790 ut
902 728 1003 808 aiunt,
1236 730 1285 795 30

291 826 428 892 Summe
443 828 569 891 munito
583 837 615 891 et
629 827 807 891 multarum
821 826 921 890 divite
936 846 1051 891 rerum.

282 926 410 991 'Clarus
423 928 465 991 ob
479 926 512 990 id
528 924 659 1006 iactum,
674 926 769 991 donis
784 937 916 990 ornatur
930 927 1092 1010 honestis;

292 1026 420 1109 Accipit
433 1036 465 1089 et
480 1027 529 1089 bis
544 1025 628 1089 dena
643 1045 739 1108 super
753 1027 897 1090 sestertia
911 1032 1093 1093 nummum

294 1126 389 1189 Forte
404 1126 467 1189 sub
480 1126 541 1188 hoc
556 1135 684 1208 tempus
698 1123 869 1188 castellum
884 1137 1023 1191 evertere
1037 1140 1165 1212 praetor
1239 1188 1244 1197 .

292 1223 410 1288 Nescio
423 1222 511 1306 quod
524 1225 667 1307 cupiens,
683 1224 803 1287 hortari
817 1225 921 1307 coepit
934 1225 1075 1291 eundem
1231 1229 1279 1293 35

292 1323 412 1404 Verbis,
427 1342 513 1406 quae
528 1322 639 1387 timido
654 1342 783 1406 quoque
798 1333 928 1407 possent
942 1323 1059 1388 addere
1074 1339 1244 1393 mentem:

293 1423 318 1503 1,
333 1424 426 1503 bone,
442 1442 507 1504 quo
521 1423 624 1486 virtus
639 1432 697 1485 tue
711 1431 742 1486 te
757 1432 861 1502 vocat,
877 1423 887 1485 i
901 1422 983 1506 pede
997 1424 1114 1505 fausto,

293 1522 439 1586 Grandia
453 1523 579 1586 laturus
593 1522 779 1585 meritorum
793 1523 956 1604 praemia!
999 1523 1094 1594 Quid
1109 1527 1204 1590 stasl

294 1623 371 1687 Post
385 1623 466 1686 haec
480 1622 535 1686 ille
548 1632 651 1703 catus,
666 1623 879 1704 quantumvis
893 1624 1051 1688 rusticus:
1075 1625 1147 1707 Ibit,

294 1722 357 1786 Ibit
370 1740 416 1802 eo,
432 1741 497 1804 quo
510 1722 570 1802 vis,
585 1721 642 1803 qui
656 1740 774 1785 zonam
788 1721 933 1804 perdidit,
949 1722 1063 1805 inquit.
1226 1726 1273 1791 to

293 1809 417 1885 Romae
431 1821 544 1884 nutriri
558 1819 640 1883 mihi
653 1820 795 1903 contigit,
812 1833 911 1903 atque
925 1820 1039 1902 doceri,

294 1920 400 1984 iratus
414 1921 520 1984 Graiis
534 1930 697 2003 quantum
710 1921 875 1984 nocuisset
889 1921 1042 1984 Achilles.

293 2017 446 2103 Adjecere
460 2020 564 2083 bonae
578 2018 688 2101 paullo
702 2018 776 2101 plus
791 2020 868 2082 artis
882 2020 1038 2100 Athenae,

293 2118 423 2191 Scilicet
438 2129 474 2182 ut
488 2137 616 2200 possem
630 2137 730 2181 curvo
744 2117 929 2201 dignoscere
943 2130 1077 2201 rectum,

293 2217 400 2298 Atque
415 2217 497 2280 inter
511 2217 611 2281 silvas
625 2217 783 2282 Academi
796 2238 947 2301 quaerere
963 2237 1085 2283 verum.
1227 2220 1270 2285 4⁵

294 2314 387 2378 Dura
401 2315 459 2378 sed
472 2335 619 2380 emovere
634 2317 704 2380 loeo
719 2337 771 2380 me
787 2328 930 2400 tempora
945 2328 1043 2400 grato,

294 2414 472 2497 civilisque
487 2415 601 2479 rudem
616 2415 692 2480 belli
706 2416 781 2480 tulit
795 2427 904 2480 aestus
919 2418 953 2480 in
967 2437 1067 2497 arma,

295 2513 443 2577 Caesaris
457 2516 598 2599 Augusti
613 2535 679 2579 non
693 2535 886 2598 responsura
901 2516 1035 2579 lacertis.

218 2634 221 2641 ’
294 2615 390 2680 Unde
405 2615 503 2679 simul
517 2616 656 2698 primum
671 2634 724 2678 me
739 2615 886 2679 dimisere
901 2615 1050 2698 Philippi,

296 2714 423 2779 Decisis
437 2714 595 2778 humilem
610 2715 734 2797 penniS,
750 2715 943 2798 inopemque
958 2715 1082 2798 paterni
1229 2714 1274 2777 50

295 2814 342 2878 Et
355 2814 447 2878 Laris
462 2824 494 2877 et
507 2812 610 2894 fandi,
625 2825 799 2898 paupertas
815 2815 942 2897 impulit
957 2814 1077 2894 audax,

297 2912 343 2978 Ut
355 2932 469 2978 versus
483 2912 639 2996 iacerem,
663 2913 729 2994 sed,
745 2914 833 2997 quod
847 2933 913 2978 non
928 2913 1018 2995 desit,
1034 2913 1208 2978 habentem

296 3012 395 3083 Quae
409 3022 558 3095 poterunt
572 3032 720 3095 unquam
735 3013 813 3076 satis
828 3033 1007 3096 expurgare
1021 3013 1157 3091 cicutae,

298 3111 341 3175 Ni
355 3110 473 3174 melius
487 3109 622 3174 dormire
636 3122 749 3194 putem
763 3131 864 3194 quem
879 3113 1014 3176 seribere
1028 3112 1167 3176 versus?

298 3209 437 3293 Singula
450 3209 491 3273 de
505 3209 597 3273 nobis
612 3210 690 3272 anni
704 3209 901 3293 praedantur
915 3222 1047 3275 euntes:
1232 3212 1276 3275 55

299 3308 455 3391 Eripuere
465 3310 565 3393 jocos,
580 3308 746 3389 Venerem,
761 3311 920 3391 convivia,
936 3309 1060 3389 ludum,

300 3407 459 3472 Tendunt
473 3420 660 3491 extorquere
674 3420 843 3491 poemma:
865 3409 945 3492 quid
959 3409 1077 3472 faciam
1093 3408 1168 3473 visi

301 3507 451 3589 Denique
465 3528 530 3572 non
545 3529 656 3573 omnes
671 3508 786 3572 eadem
800 3510 956 3572 mirantur
970 3520 1164 3592 amantque:

302 3605 455 3669 Carmine
470 3617 506 3670 tu
521 3608 653 3689 gaudes,
670 3608 723 3672 hic
737 3607 916 3671 delectatur
930 3607 1055 3687 iambis,

626 3839 666 3885 44.
685 3837 781 3895 vellem,
794 3839 921 3888 Orelliccx
