2842 4342
241 336 312 413 272
617 357 872 425 maroneam

243 514 338 595 Alter,
354 515 387 577 in
402 514 596 597 obsequium
609 516 683 599 plus
698 536 803 598 aequo
816 535 936 599 pronus
950 527 982 581 et
996 517 1054 581 imi

241 613 369 677 Derisor
383 614 465 694 lecti,
482 615 529 678 sic
544 624 662 679 nutum
678 614 787 678 divitis
801 617 914 695 horret,

239 714 294 777 Sic
309 714 401 777 iterat
414 733 511 777 voces
525 724 558 778 et
571 710 670 779 ve'rba
684 714 835 779 cadentia
848 715 938 795 tollit,

241 813 284 876 Ut
299 832 437 894 puerum
452 832 551 878 saevo
565 813 677 877 credas
693 813 813 877 dictata
827 815 981 896 magistro

241 911 394 992 Reddere,
409 913 462 975 vel
476 923 582 995 partes
596 914 735 976 mimum
750 923 883 977 tractare
899 913 1078 996 secundas3

241 1013 329 1076 Alter
343 1015 466 1077 rixatur
480 1014 520 1077 de
537 1014 612 1077 lana
627 1033 722 1097 saepe
736 1014 876 1099 caprina,
1219 1016 1262 1079 15

242 1113 427 1196 Propugnat
441 1115 538 1196 nugis
552 1124 715 1196 armatus;
739 1112 876 1193 Scilicet,
891 1124 928 1176 ut
942 1133 1008 1177 nou

240 1214 290 1277 Sit
304 1215 385 1276 mihi
400 1214 503 1295 prima
518 1211 609 1293 fides,
626 1223 666 1293 et,
682 1232 757 1277 vere
771 1212 859 1295 quod
873 1213 986 1295 placet,
1003 1223 1120 1277 utnon

240 1313 361 1375 Acriter
375 1311 532 1374 elatreml
576 1298 721 1375 Pretium
736 1323 824 1376 aetas
839 1312 940 1375 altera
954 1312 1067 1375 sordet

240 1410 423 1492 Ambigitur
436 1409 517 1492 quid
531 1409 642 1473 enimi
686 1411 801 1474 Castor
815 1413 904 1490 sciat,
919 1431 962 1473 an
977 1410 1133 1474 Dolichos
1147 1411 1244 1494 plus3

239 1507 449 1573 Brundisium
466 1508 593 1572 Minuci
607 1509 724 1573 melius
738 1511 793 1574 via
807 1510 907 1574 ducat
921 1530 962 1573 an
979 1511 1072 1592 Appi.
1214 1511 1262 1574 w

240 1609 350 1677 Quem
365 1608 524 1672 damnosa
538 1608 659 1690 Venus,
674 1628 773 1692 quem
786 1628 938 1692 praeceps
952 1608 1024 1671 alea
1038 1607 1152 1679 undat.

240 1707 348 1785 Gloria
362 1727 461 1789 quem
475 1726 573 1790 supra
587 1707 671 1770 vires
685 1717 718 1771 et
732 1710 828 1772 vestit
841 1718 873 1771 et
887 1708 989 1790 ungit³

239 1808 351 1877 Quem
366 1817 453 1871 tenet
466 1807 591 1891 argenti
605 1808 674 1871 sitis
689 1808 872 1890 importuna
886 1806 1062 1890 famesque,

238 1906 351 1976 Quem
365 1907 561 1990 paupertatis
575 1906 679 1990 pudor
693 1916 726 1970 et
740 1905 838 1990 fuga:
860 1906 952 1971 dives
967 1906 1100 1987 amicus,
1209 1968 1212 1972 Α

238 2006 343 2089 Saepe
357 2006 470 2070 decem
482 2006 571 2070 vitiis
585 2006 776 2087 instructior,
792 2006 859 2070 odit
873 2017 905 2070 et
919 2007 1042 2070 horret:
1213 2006 1259 2070 25

238 2104 314 2184 Aut,
330 2105 358 2167 si
372 2124 438 2168 non
452 2105 528 2186 odit,
543 2106 631 2189 regit,
647 2126 687 2170 ac
701 2106 803 2170 veluti
818 2107 871 2189 pia
885 2116 996 2186 mater,

238 2201 318 2266 Plus
332 2221 433 2284 quam
448 2222 485 2266 se
500 2224 611 2287 sapere
625 2215 657 2268 et
672 2206 845 2269 virtutibus
859 2224 929 2267 esse
945 2205 1080 2288 priorem

237 2300 324 2381 Vult,
340 2311 373 2364 et
386 2302 431 2364 ait
445 2322 542 2386 prope
557 2323 651 2367 vera:
675 2303 1003 2368 Meae—contendere
1017 2303 1084 2366 noli
1095 2302 1149 2367 μ

237 2398 417 2464 Stultitiam
430 2403 598 2484 patiuntur
611 2423 706 2487 opes;
730 2405 788 2469 tibi
801 2403 939 2487 parvula
953 2423 1002 2466 res
1016 2414 1083 2484 est3

237 2499 316 2563 Arta
330 2499 421 2564 decet
435 2521 553 2566 sanum
567 2504 719 2567 comitem
734 2514 826 2586 toga5
849 2502 961 2566 desine
976 2521 1105 2565 mecum
1211 2500 1257 2565 30

237 2600 375 2663 Cartare.
419 2601 626 2685 Eutrapelus,
641 2603 825 2684 cuicunque
838 2621 952 2666 nocere
967 2601 1103 2681 volebat,

240 2698 435 2763 Vestimenta
449 2699 548 2764 dabat
561 2702 717 2784 pretiosa:
739 2702 854 2765 beatus
867 2702 955 2765 enim
965 2702 1033 2784 jam

237 2799 323 2862 Cum
338 2799 480 2883 pulchris
495 2802 614 2865 tunicis
629 2811 737 2865 sumet
750 2820 836 2865 nora
850 2800 985 2863 consilia
998 2809 1030 2862 et
1043 2804 1125 2881 spes,
1190 2836 1197 2849 ·

236 2896 382 2961 Dormiat
396 2899 431 2962 in
445 2899 560 2980 lucem,
576 2911 679 2964 scorto
693 2909 862 2984 postponet
876 2900 1050 2962 honestum

236 2996 399 3078 Officium,
415 3017 567 3063 nummos
582 2999 704 3063 alienos
719 2997 924 3083 pascet—ad
939 2998 1042 3060 imum
1211 2993 1256 3059 35

235 3094 353 3160 Threx
367 3097 426 3160 erit
440 3109 498 3161 aut
511 3097 631 3161 olitoris
645 3109 720 3181 aget
734 3097 881 3162 mercede
894 3097 1068 3161 caballum.

235 3195 401 3259 Arcanum
416 3215 522 3279 neque
537 3206 573 3260 tu
588 3197 780 3262 scrutaberis
795 3197 882 3260 illius
897 3214 1053 3279 unquam,

235 3294 519 3379 Commissumque
534 3306 622 3380 teges
635 3307 668 3361 et
681 3297 761 3362 vino
775 3308 877 3360 tortus
890 3306 923 3359 et
936 3297 993 3359 ira.

234 3392 304 3456 Nec
319 3403 376 3458 tua
391 3395 541 3461 laudabis
555 3395 663 3460 studia
678 3406 737 3460 aut
750 3397 857 3460 aliena
870 3393 1049 3479 reprendes,
1085 3400 1092 3411 ’

235 3490 312 3570 Nec,
327 3511 405 3556 cum
419 3496 531 3559 venari
546 3497 633 3560 volet
646 3496 708 3576 ille,
724 3505 873 3578 poemata
886 3513 1018 3577 pangas
1209 3488 1255 3553 40

235 3590 348 3655 Gratia
361 3592 407 3657 sic
422 3591 558 3659 fratrum
572 3596 783 3679 geminorum,
799 3594 992 3677 Amphionis
1006 3600 1105 3673 atqua

508 3823 538 3873 Β.
549 3825 616 3874 nili.
630 3825 669 3876 19.
686 3825 780 3877 docilis.
845 3822 886 3874 37.
903 3822 982 3874 elliu
