2842 4342
539 326 633 404 '10

1344 346 1745 397 omninum

953 502 1229 570 Sortitur
1256 502 1543 585 insignes
1570 511 1636 566 et
1666 503 1866 584 imos;

1040 601 1252 667 Omne
1280 620 1494 684 capax
1521 610 1742 664 movet
1767 620 1934 665 urna
1961 619 2217 666 nomen.

873 799 1233 864 Destrictus
1266 799 1441 863 ensis
1470 798 1580 865 cui
1609 817 1799 881 super
1826 798 2028 881 impia

725 894 747 1010 ⁸.
875 899 1141 964 Cervice
1168 897 1420 981 pendet,
1452 916 1585 962 non
1612 897 1871 962 Siculae
1898 897 2098 981 dapes

963 997 1244 1062 Dulcem
1271 997 1695 1061 elaborabunt
1721 1015 2030 1080 saporem,

1044 1096 1194 1161 Non
1222 1095 1449 1159 avium
1476 1095 1888 1178 citharaeque
1914 1103 2148 1159 cantus

876 1292 1196 1357 Somnum
1222 1290 1547 1355 reducent.
1636 1291 1922 1357 Somnus
1950 1298 2300 1374 agrestium

874 1390 1073 1456 Lenis
1100 1390 1384 1483 virorum
1411 1408 1545 1454 non
1572 1389 1855 1454 humiles
1881 1388 2107 1456 domos

961 1489 1242 1553 Fastidit
1269 1490 1771 1572 umbrosamque
1799 1487 2023 1572 ripam,

1046 1588 1196 1653 Non
1227 1589 1554 1672 Zephyris
1582 1589 1828 1672 agitata
1855 1587 2127 1671 Tempe.

876 1770 1384 1851 Desiderantem,
1414 1769 1590 1853 quod
1620 1770 1777 1835 satis
1805 1782 1921 1852 est,
1950 1789 2160 1854 neque

875 1870 1396 1935 Tumultuosum
1425 1870 1723 1934 sollicitat
1751 1888 1944 1949 mare,

957 1969 1094 2034 Nec
1125 1989 1362 2033 saevus
1390 1968 1648 2034 Arcturi
1674 1967 1966 2032 cadentis

1041 2063 1330 2150 Impetus
1360 2076 1479 2131 aut
1507 2067 1765 2131 orientis
1794 2066 2021 2147 Hoedi,

876 2263 1024 2329 Non
1053 2264 1419 2327 verberatae
1451 2263 1765 2347 grandine
1793 2263 2041 2346 vineae,

791 2433 822 2455 ὑ,
874 2362 1282 2444 Fundusque
1311 2361 1618 2445 mendax,
1650 2364 1873 2428 arbore
1900 2382 2080 2428 nunc
2110 2382 2316 2448 aquas

956 2461 1296 2544 Culpante‚
1326 2481 1504 2526 nunc
1536 2462 1835 2527 torrentia
1863 2482 2050 2546 agros

1038 2559 1283 2640 Sidera,
1314 2580 1491 2625 nunc
1520 2562 1768 2649 hiemes
1798 2562 2072 2645 iniquas.

873 2744 1218 2807 Contracta
1248 2744 1457 2827 pisces
1485 2764 1766 2828 aequora
1795 2745 2081 2809 sentiunt

867 2843 1071 2908 Jactis
1100 2844 1168 2908 in
1198 2843 1408 2908 altum
1435 2844 1752 2909 molibus:
1797 2845 1929 2909 huc
1957 2843 2256 2928 frequens

953 2944 1311 3007 Caementa
1338 2944 1617 3008 demittit
1643 2942 2001 3027 redemptor

1037 3043 1210 3106 Cum
1239 3041 1522 3123 famulis,
1552 3042 1986 3124 dominusque
2017 3052 2217 3106 terrae

871 3221 1312 3287 Fastidiosus:
1358 3221 1473 3286 sed
1502 3222 1733 3287 Timor
1760 3233 1825 3285 et
1853 3222 2073 3286 Minae

867 3322 1208 3388 Scandunt
1234 3320 1476 3402 eodem,
1506 3339 1637 3405 quo
1665 3321 1983 3401 dominus,
2013 3340 2226 3405 neque

951 3421 1226 3486 Decedit
1252 3431 1471 3486 aerata
1498 3421 1735 3485 triremi
1763 3432 1828 3485 et

1033 3521 1188 3586 Post
1215 3523 1501 3604 equitem
1529 3521 1706 3586 sedet
1734 3533 1873 3587 atra
1902 3523 2093 3587 Cura.
2160 3564 2163 3566 -

864 3698 1122 3771 Quodsi
1149 3701 1475 3769 dolentem
1502 3724 1623 3769 nec
1650 3705 1976 3790 Phrygius
2005 3705 2170 3789 lapis

870 3799 1006 3864 Nec
1034 3819 1463 3883 purpurarum
1494 3804 1697 3867 sidere
1725 3806 1951 3869 clarior

2491 505 2571 569 15

2484 2364 2570 2428 30

2477 3523 2565 3589 40
