2842 4342
607 405 862 459 serationem

579 708 793 773 EPISTOLA
821 708 900 771 VII.

536 925 589 967 An
619 924 933 968 noscendum«.

270 1120 428 1202 Quinque
443 1117 511 1182 dies
527 1117 583 1182 tibi
597 1116 759 1200 pollicitus
773 1136 826 1180 me
841 1136 912 1180 rure
927 1107 1095 1198 futurum,

228 1219 386 1286 Sextilem
401 1227 506 1281 totum
519 1215 663 1280 mendax
677 1215 847 1280 desideror.
892 1216 993 1299 Atqui

228 1318 264 1383 si
279 1337 332 1381 me
346 1318 454 1380 vivere
469 1316 520 1379 vis
534 1335 653 1379 sanum
667 1325 817 1399 recteque
831 1315 996 1379 valentem

229 1419 343 1488 Quam
356 1415 437 1479 mihi
453 1415 512 1478 das
526 1435 631 1499 aegro,
647 1414 741 1479 dabis
755 1425 918 1499 aegrotare
934 1413 1069 1494 timenti,

229 1517 411 1592 Maecenas,
426 1516 565 1596 veniam,
581 1514 662 1579 dum
676 1515 760 1579 ficus
775 1516 878 1599 prima
891 1515 1045 1598 calorque
1226 1512 1248 1578 Ε

230 1617 477 1699 Designatorem
489 1614 619 1677 decorat
632 1614 798 1678 lictoribus
813 1615 898 1694 atris,

230 1715 322 1778 Dum
336 1715 443 1798 pueris
457 1713 563 1776 omnis
576 1724 666 1797 pater
680 1724 713 1777 et
726 1712 904 1777 matercula
918 1712 1025 1796 pallet,

231 1815 451 1898 Officiosaque
466 1812 621 1890 sedulitas
636 1824 668 1877 et
682 1812 788 1898 opella
803 1812 936 1877 forensis

231 1912 374 1977 Adducit
388 1912 490 1977 febres
504 1923 537 1976 et
552 1923 745 1977 testamenta
759 1914 910 1995 resignat.

229 2013 360 2083 Quodsi
374 2014 490 2077 bmma
504 2012 596 2076 nives
611 2012 747 2076 Albanis
763 2012 866 2077 illinet
880 2011 974 2095 agris,
1059 2042 1065 2053 ,
1210 2010 1251 2075 lo

232 2111 286 2175 Ad
299 2130 388 2174 mare
403 2109 576 2175 descendet
590 2122 681 2175 vates
696 2122 783 2192 tuus,
798 2122 831 2175 et
845 2112 905 2175 sibi
920 2119 1039 2195 parcet,

232 2209 490 2292 contractusque
504 2210 606 2295 leget3
631 2222 670 2292 te,
686 2210 791 2275 dulcis
805 2211 918 2291 amice,
933 2210 1049 2274 reviset

233 2308 318 2372 Cum
334 2308 505 2391 Zephyris,
521 2310 549 2372 si
563 2311 729 2391 concedes,
744 2320 776 2373 et
790 2309 964 2373 hirundine
978 2309 1090 2392 prima

232 2407 316 2487 Non,
331 2427 397 2490 quo
411 2426 499 2472 more
514 2410 603 2492 pyris
617 2410 705 2472 vesci
720 2409 857 2473 Calaber
866 2409 959 2494 jubet
973 2409 1099 2492 hospes,

211 2507 292 2603 ,Tu
305 2507 878 2593 melecistilocupletem.—Vescere,
893 2507 1040 2572 sodes—
1211 2506 1250 2571 1⁵

233 2607 310 2671 Jam
324 2608 402 2671 satis
417 2609 563 2673 est-At
577 2619 621 2689 tn,
637 2619 798 2692 quantum
813 2609 873 2690 vis,
889 2608 964 2672 tolle
975 2607 1226 2691 !-Benigne-

234 2704 311 2770 Non
326 2707 432 2771 invisa
446 2706 528 2771 seres
542 2708 649 2791 pueris
663 2708 864 2773 munuscula
879 2708 1041 2792 parvis.—

234 2805 324 2870 Tam
338 2816 447 2871 teneor
460 2807 553 2888 dono,
568 2827 668 2890 qnam
683 2808 711 2871 si
726 2807 869 2873 dimittar
882 2818 1072 2872 onustus.—

234 2904 280 2970 Ut
294 2905 389 2970 libet:
410 2907 491 2970 haec
506 2908 608 2990 porcis
622 2907 719 2978 hodie
733 2908 932 2972 comedenda
946 2908 1157 2990 relinques-

235 3004 394 3088 Prodigus
408 3015 440 3068 et
454 3005 574 3070 stultus
588 3005 695 3088 donat,
710 3027 796 3091 qnae
811 3008 931 3092 spernit
945 3018 977 3072 et
990 3007 1075 3071 odit:
1209 3006 1253 3070 20

235 3102 326 3166 Haec
341 3124 432 3188 seges
446 3104 588 3188 ingratos
602 3106 677 3170 tulit
691 3117 723 3170 et
737 3107 815 3172 feret
829 3108 979 3173 omnibns
993 3106 1097 3171 annis

235 3201 291 3266 vir
305 3203 410 3266 bonus
426 3214 459 3267 et
473 3204 601 3288 sapiens
615 3204 722 3288 dignis
736 3207 782 3270 ait
795 3227 865 3270 esse
879 3217 1019 3291 paratus,

235 3296 305 3364 Nec
320 3313 429 3367 tamen
444 3304 578 3387 ignorat,
594 3304 673 3388 quid
688 3305 808 3370 distent
822 3326 898 3370 aera
911 3306 1041 3390 lupinis.

235 3398 384 3481 Dignum
398 3405 566 3485 praestabo
580 3423 632 3468 me
644 3406 747 3469 etiam
761 3425 816 3489 pro
831 3405 928 3470 laude
943 3405 1102 3470 merentis

163 3530 167 3539 ·
236 3498 364 3569 Quodsi
379 3519 432 3564 me
448 3503 537 3567 noles
551 3523 693 3587 usquam
708 3504 878 3587 discedere,
894 3505 1008 3569 reddes
1212 3502 1255 3567 25

236 3600 332 3663 Forte
346 3598 441 3680 latus,
457 3603 565 3686 nigros
580 3617 721 3688 angusta
735 3605 837 3670 fronte
851 3607 994 3690 capillos,

384 3798 415 3849 E.
427 3802 468 3850 vil
479 3799 504 3850 ³.
521 3810 632 3864 recteque
643 3805 726 3855 videre
736 3804 866 3856 veientem.
936 3806 974 3857 19.
991 3805 1113 3868 relinquis.

550 3904 553 3911 ’
658 3883 699 3933 22
715 3894 834 3944 peretum.
