2842 4342
495 395 606 447 urana
629 396 669 447 n
719 398 747 448 s.
772 398 825 448 m.
1086 383 1158 455 219

135 553 259 620 Nudus
273 552 369 637 agris,
384 551 495 617 nudus
509 553 662 633 nummis,
677 553 800 634 numne,
815 555 974 637 patemis3

136 653 270 720 Scilicet
284 662 323 716 nt
335 651 479 735 plausus,
495 670 578 733 quos
592 651 652 715 lert
665 652 818 735 Agrippa,
833 652 918 717 feras
932 665 977 735 tu,
1096 655 1159 720 185

140 755 258 817 dstuta
272 752 455 835 ingenuum
467 750 584 834 vulpes
598 750 725 815 imitata
740 751 922 815 leonem.-

140 853 188 917 Ne
202 850 279 935 quis
293 851 448 915 humasse
464 850 541 913 velit
555 850 697 933 Ajacem,
714 849 837 930 Atrida,
854 862 945 915 vetas
960 853 1087 916 euri..

138 951 211 1016 Rex
226 948 411 1014 aum—Nil
425 947 510 1012 ultra
523 967 643 1031 quaero
656 948 811 1031 plebeius.
855 949 901 1014 Et
914 970 1055 1033 aequam

137 1051 223 1115 Rem
237 1049 402 1131 imperito:
424 1067 471 1127 ac,
486 1047 514 1111 si
528 1046 582 1111 cui
596 1046 707 1111 uideor
721 1067 787 1112 non
796 1049 915 1132 justus,
930 1050 1034 1113 inulto

138 1149 264 1227 nioeoe,
278 1146 366 1229 quod
380 1146 485 1227 sentit,
501 1146 847 1228 permitte—Maxime
861 1168 985 1231 regma,
1095 1150 1158 1213 190
1215 1231 1217 1233 ι

138 1248 184 1312 Dt
199 1247 258 1311 tibi
271 1245 351 1310 dent
364 1255 461 1330 cepta
474 1245 614 1309 classem
628 1244 786 1310 deducere
801 1247 920 1331 Troja!

139 1346 231 1429 Ergo
244 1344 411 1408 consulere
425 1354 458 1408 et
471 1362 549 1409 mox
563 1344 754 1427 respondere
770 1345 942 1410 licebitl-

139 1444 406 1510 Ccnsule-Cur
419 1444 513 1528 eju,
529 1444 624 1509 heros
637 1445 680 1508 ab
693 1444 821 1509 Achille
835 1445 1009 1527 secundus,

139 1543 293 1624 Putescit,
309 1542 400 1641 toties
414 1543 549 1607 serratis
563 1542 671 1607 clarus
685 1543 829 1623 Achivis,

140 1643 294 1708 Gaudeat
307 1652 346 1706 ut
358 1641 497 1725 populus
511 1642 633 1707 Priami
646 1642 862 1725 Priamusque
876 1643 1056 1722 inhumato,
1095 1643 1157 1708 195

141 1743 206 1807 Per
217 1761 316 1825 quem
329 1750 376 1806 tot
384 1743 523 1826 juvenes
536 1742 639 1824 patrio
652 1760 785 1807 caruere
800 1741 945 1824 sepulcro
954 1742 1011 1805 l·-

140 1841 234 1906 hlille
247 1841 359 1905 svium
372 1841 509 1905 insanus
522 1841 617 1905 morti
630 1840 728 1919 dedit,
743 1840 904 1922 inclytum
918 1840 1040 1905 Ulixen

140 1940 187 2004 Et
202 1938 390 2004 Menelaum
404 1958 473 2003 una
485 1959 616 2004 mecum
631 1960 666 2003 se
680 1938 825 2003 cecidere
839 1939 1039 2003 clamans.—

142 2039 208 2119 Tu,
223 2058 301 2103 cum
314 2056 371 2122 pro
384 2038 488 2103 vitula
501 2039 617 2104 statuis
631 2039 763 2103 dulcem
777 2038 896 2103 Aulide
910 2049 1022 2103 natam

140 2141 228 2205 Ante
241 2157 323 2218 ares,
338 2138 527 2221 spargisque
540 2137 630 2203 mola
643 2147 752 2222 caput,
768 2137 918 2220 improbe,
935 2137 1030 2216 salsa,
1094 2137 1159 2201 200

140 2239 282 2304 Rectum
295 2237 396 2300 animi
410 2255 519 2299 servas
527 2236 755 2307 museum
763 2236 963 2299 l-lnsanus
977 2235 1056 2319 quid
1071 2236 1159 2300 enim

268 2336 355 2420 Ajax

142 2434 243 2513 Fecit,
258 2452 336 2497 cum
349 2433 463 2497 stravit
476 2431 558 2496 ferro
571 2434 693 2515 pecual
737 2432 903 2497 Abstinuit
915 2430 989 2496 vim'

141 2532 253 2597 Uxore
267 2541 299 2595 et
312 2541 429 2614 gnato3
452 2530 541 2594 mala
553 2529 659 2594 multa
673 2538 828 2613 precatus
836 2529 965 2610 Atridis,

143 2630 219 2696 Non
233 2628 287 2693 ille
301 2640 361 2693 aut
374 2629 542 2694 Teucrum
556 2638 615 2693 aut
628 2629 737 2712 ipsum
749 2629 885 2699 violarit
898 2629 1071 2694 Ulixen.-

143 2729 266 2793 Verum
280 2747 348 2811 ego,
364 2737 401 2791 ut
414 2728 582 2792 haerentes
596 2727 732 2792 adverae
746 2728 835 2792 litore
849 2746 951 2791 naves
1096 2726 1160 2789 205

144 2828 320 2912 Eripercm,
334 2827 475 2911 prudens
489 2827 617 2910 placavi
631 2828 791 2910 sauguine
805 2825 951 2889 divos.—

143 2927 270 3010 Nempe
284 2938 349 3007 tuo,
364 2926 618 3006 mnae-Meo,
633 2925 691 2989 sed
704 2945 771 2989 non
785 2924 981 2989 furiosus.-

144 3027 215 3096 Qui
229 3027 352 3110 species
367 3026 448 3089 alias
459 3026 543 3089 veris
557 3024 749 3107 scelerisque
763 3024 908 3088 tumultu

145 3124 327 3189 Permixtas
341 3127 454 3208 capiet,
469 3134 650 3189 commotus
664 3124 844 3203 habebitur,
859 3134 957 3206 atque

143 3225 331 3291 stultitiam
345 3235 432 3304 erret,
447 3223 588 3289 nihilum
602 3223 741 3303 distabit,
757 3243 801 3286 au
815 3223 871 3286 ira.
1095 3220 1161 3285 210

143 3323 229 3406 Ajax
243 3342 322 3386 cum
335 3323 510 3387 immeritos
523 3322 648 3403 occidit,
663 3321 788 3404 desipit,
804 3340 925 3403 agnoa;

145 3422 230 3485 Cum
245 3420 388 3505 pmdens
402 3420 508 3486 scelus
522 3422 564 3485 ob
578 3422 688 3486 titulos
702 3420 846 3484 admittis
860 3420 982 3497 inanes,

145 3519 219 3584 sua
234 3520 344 3583 animo
358 3530 391 3584 et
404 3539 523 3603 purum
533 3530 582 3583 est
592 3521 671 3584 vitio
681 3520 747 3599 tibi,
756 3538 834 3582 cum
845 3517 1007 3582 tumidum
1017 3528 1075 3600 est,
1085 3516 1161 3583 eorl

427 3720 483 3771 191.
499 3718 622 3770 tumre.
691 3719 745 3769 194,
762 3717 888 3767 Perrexit.

264 3797 323 3849 tut.
342 3797 463 3857 Quorum
474 3801 592 3851 manat
608 3797 666 3861 quid
678 3801 784 3847 enim-.
850 3797 907 3848 208.
925 3800 1046 3847 verinae.

448 3880 504 3929 211.
521 3882 657 3930 immeritor
667 3894 733 3934 cum,
745 3878 860 3928 Orellise.
