2842 4342
521 322 696 378 menn.
745 329 852 383 (tvt.

335 473 491 540 Barbarus
505 478 625 561 Syrtes,
641 484 697 547 ubi
711 484 829 552 Maura
842 508 967 574 semper

416 576 554 641 Aestuat
568 580 677 663 unda3

335 768 441 834 Tibur
454 775 560 857 Argeo
574 779 717 860 positum
730 782 844 846 colono

333 867 383 931 Sit
396 888 488 935 meae
503 874 595 938 sedes
610 878 736 943 utinam
751 893 907 965 senectae,

331 966 382 1031 Sit
395 970 510 1034 modus
524 973 610 1038 lasso
624 978 723 1042 maris
737 991 770 1043 et
784 982 911 1048 viarum
940 1052 944 1061 f

416 1067 615 1156 Militieeque
630 1077 639 1138 l

331 1262 426 1328 Unde
440 1267 468 1329 ei
482 1268 604 1335 Parcae
618 1274 787 1356 prohibent
799 1280 939 1364 iniquae,

331 1360 435 1427 Dulce
447 1367 568 1446 pellitis
581 1373 698 1437 ovibus
713 1376 844 1442 Galaesi

330 1460 471 1528 Flumen
484 1477 517 1529 et
530 1482 666 1552 regnata
679 1484 789 1557 petam
803 1477 925 1544 Laconi
999 1524 1008 1542 ·

410 1562 501 1628 Rura
514 1566 683 1635 Phalanto.

325 1756 384 1822 Ille
398 1770 554 1829 terrarum
567 1768 648 1833 mihi
662 1782 786 1853 praeter
799 1792 911 1841 omnes

324 1856 474 1941 Angulus
488 1862 577 1946 ridet,
592 1868 648 1932 ubi
663 1888 728 1933 non
745 1872 901 1956 Hymetto

325 1955 425 2021 Mella
437 1959 599 2028 decedunt
612 1968 771 2051 viridique
785 1983 885 2038 certat

409 2058 513 2127 Bacca
529 2063 686 2150 Venafr03

321 2252 383 2316 Ver
397 2257 453 2320 ubi
468 2259 603 2344 longum
617 2267 806 2352 tepidasque
820 2274 949 2354 praebet

319 2350 443 2436 Jupiter
457 2358 599 2443 brumas,
614 2375 647 2427 et
660 2368 787 2433 amicus
801 2372 910 2436 Aulon

319 2450 431 2518 Fertili
444 2457 574 2523 Baccho
588 2464 762 2532 minimum
776 2470 924 2537 Falernis

400 2554 529 2621 Invidet
544 2561 626 2625 uvis.

317 2746 376 2811 llle
390 2760 421 2814 te
434 2771 566 2821 meeum
581 2758 672 2825 locus
687 2775 720 2827 et
733 2765 846 2832 beatae

314 2845 484 2915 Postulant
498 2874 606 2940 arees3
630 2861 675 2925 ibi
688 2872 726 2927 tu
739 2866 899 2933 calentem

315 2944 432 3013 Debita
446 2970 576 3037 sparges
590 2957 723 3026 lacrima
737 2962 884 3031 favillam

397 3048 488 3115 vatis
502 3056 606 3119 amici.

347 3241 377 3295 0.
387 3247 420 3296 vl.
434 3247 471 3298 18
488 3253 593 3314 :priene
604 3254 634 3306 de
645 3261 708 3325 conj.
809 3265 847 3315 19.
864 3264 969 3318 Peene

631 3410 654 3481 3
