2842 4342
503 354 662 405 nrum
709 354 801 404 QX.

149 515 230 578 Non
243 511 324 576 ridet
336 528 451 573 versus
466 510 556 576 Eunt
570 511 727 594 gravitate
742 512 889 593 minores,

151 614 244 676 Cum
258 611 299 674 de
313 630 349 675 sc
363 610 514 693 loquitur,
530 629 596 674 non
610 620 647 674 ut
661 613 781 695 majore
794 612 974 694 repressis?

151 710 250 782 Quid
263 720 352 773 rotat
364 720 398 773 et
411 721 538 775 nosmet
551 710 660 774 Lucili
674 711 793 793 scripta
808 710 948 794 legentes

153 812 330 890 Quaerere,
346 828 429 875 num
442 809 539 890 illius,
554 828 638 875 num
651 829 761 873 rerum
775 808 857 873 dura
870 812 995 893 negarit

154 910 338 974 Versiculos
352 920 471 974 natura
484 912 589 995 magis
603 911 707 975 factos
721 924 754 976 et
767 923 882 977 euntes

155 1009 298 1089 Alollius,
314 1029 353 1073 ac
368 1011 493 1092 siquis,
508 1010 646 1093 pedibus
660 1009 741 1093 quid
754 1012 906 1076 claudere
921 1014 1017 1094 senis,

156 1108 230 1172 Hoc
244 1118 373 1172 tantum
386 1121 565 1191 contentus,
581 1120 668 1174 amet
682 1112 846 1193 scripsisse
860 1113 1017 1178 ducentos

155 1210 243 1273 Ante
262 1209 369 1275 eibum
382 1229 504 1289 versus,
521 1209 654 1274 totidem
666 1223 841 1294 coenatus3
865 1213 997 1277 Etrusci

156 1307 268 1378 Quale
283 1307 346 1371 fuit
360 1308 455 1373 Cassi
468 1308 580 1392 rapido
594 1309 770 1374 ferventius
784 1312 874 1375 amni

156 1407 340 1490 Ingenium,
355 1409 464 1491 capsis
478 1428 576 1491 quern
591 1409 680 1474 lama
694 1420 828 1474 estesse
842 1412 996 1494 librisque

156 1507 356 1570 Ambustum
370 1508 511 1591 propriis.
556 1509 669 1572 Fuerit
682 1510 838 1591 Lucilius,
854 1511 998 1594 inquam,

157 1606 269 1669 Comis
283 1617 316 1668 et
330 1607 484 1687 urbanus,
499 1606 595 1671 luerit
609 1608 748 1672 limatior
761 1609 857 1689 idom,

157 1707 274 1775 Quam
286 1705 377 1769 rudis
391 1717 424 1769 et
438 1707 570 1770 Graecis
585 1707 697 1771 intecti
711 1709 864 1772 carminis
879 1719 1015 1790 auctor,

157 1808 337 1888 Quemque
351 1816 518 1889 poetarum
532 1808 697 1871 seniorum
711 1810 825 1890 turba3
849 1807 907 1871 sed
921 1809 984 1888 ille,

157 1906 193 1970 si
207 1904 290 1969 soret
302 1906 364 1969 hoc
379 1916 525 1969 nostrum
540 1905 606 1970 fato
619 1906 741 1971 dilatus
756 1907 790 1970 in
806 1926 934 1987 aevum,

158 2006 323 2070 Detereret
336 2006 398 2069 sibi
412 2004 525 2085 multa,
540 2006 693 2070 recideret
706 2025 812 2086 omne,
827 2005 915 2089 quod
931 2007 1016 2070 ultra

159 2104 342 2169 Perfectum
356 2104 540 2184 traheretur,
555 2115 587 2168 et
601 2106 637 2170 in
652 2124 749 2169 versu
763 2105 912 2169 faciendo

159 2203 263 2287 Saepe
277 2213 377 2287 caput
390 2204 543 2285 scaberet,
559 2204 652 2268 vivos
666 2216 698 2268 et
712 2205 836 2268 roderet
851 2224 987 2289 ungues
1152 2281 1168 2307 ,

159 2303 264 2387 Saepe
279 2302 389 2368 stilum
403 2312 518 2384 vertas,
533 2306 650 2369 iterum
664 2324 749 2387 quae
763 2305 863 2388 digna
877 2306 941 2389 legi
955 2306 1029 2386 sint,

159 2401 363 2484 Scripturus3
386 2422 502 2486 neque,
518 2414 549 2466 te
565 2414 602 2467 ut
616 2404 749 2468 miretur
763 2406 866 2485 turba,
882 2405 1017 2485 labores,

159 2501 340 2565 Contentus
354 2502 468 2584 paucis
483 2502 663 2566 lectoribus.
708 2505 762 2567 An
778 2513 835 2567 tua
849 2502 984 2569 demens

160 2601 435 2692 Vilibusinludis
448 2601 856 2669 dictaricarminamalisl
1134 2603 1176 2666 75

160 2700 235 2764 Non
249 2721 324 2785 ego;
338 2722 418 2769 nam
428 2704 508 2767 satis
519 2714 575 2783 est,
587 2704 730 2797 equitem
740 2705 822 2766 mihi
831 2702 997 2786 plaudere,
1008 2710 1046 2766 ut
1056 2700 1176 2781 audax,

160 2800 362 2883 Contemptis
375 2801 457 2882 aliis,
472 2803 607 2886 explosa
621 2803 805 2867 Arbuscula
818 2802 910 2866 dixit.

160 2898 247 2962 Meu'
261 2910 391 2963 moveat
404 2902 513 2965 cimex
527 2901 697 2982 Pantilius,
714 2913 773 2965 aut
785 2902 914 2980 cruciet,
929 2899 1017 2982 quod

160 2996 297 3060 Vellioet
309 2999 477 3063 absentem
492 2999 686 3080 Demetrius,
702 3011 761 3063 aut
774 2999 861 3082 quod
875 3000 1003 3081 ineptus

160 3096 310 3161 Fannius
325 3098 536 3182 Hermogenis
549 3099 657 3163 laedat
670 3100 809 3163 conviva
824 3098 968 3181 Tigellti
1135 3098 1178 3163 80

160 3195 286 3259 Plotius
299 3206 333 3259 et
346 3197 472 3278 Varius,
488 3198 662 3262 Maecenas
677 3198 903 3281 Virgiliusque,

160 3295 304 3378 Valgius,
320 3306 353 3360 et
366 3298 475 3379 probet
489 3298 570 3362 haec
586 3299 744 3363 Octavius
759 3298 908 3380 optimus,
923 3307 1020 3379 atque

162 3394 299 3475 Fuscus,
316 3396 444 3460 ethaeo
459 3398 586 3461 utinam
600 3398 768 3461 Viscorum
783 3396 895 3460 laudet
909 3397 1063 3480 uterque!

161 3494 344 3558 Ambitione
359 3496 508 3579 relegata,
523 3507 554 3559 te
568 3497 673 3560 dicere
687 3514 828 3580 possum,

162 3590 269 3673 Pollio,
285 3603 327 3673 te,
343 3593 495 3675 Messala,
511 3605 566 3658 tuo
580 3614 658 3658 cum
672 3595 776 3674 fratre,
792 3592 955 3674 simulque
1134 3594 1177 3659 86

337 3822 379 3873 68.
396 3822 508 3883 deletur
524 3822 644 3886 dilapsum
660 3822 779 3885 delapsus.
846 3822 886 3873 78.
903 3825 1001 3874 crucier.
