2842 4342
240 346 312 416 214
643 358 858 411 sirmam

238 522 388 605 Treiecto
402 519 509 583 lateris
524 517 631 582 miseri
645 517 801 600 capitisve
815 515 931 596 dolore,

239 621 283 685 Ut
297 620 492 702 lethargicus
506 619 569 699 hic,
580 636 659 683 cum
672 616 711 680 fit
724 615 816 700 pugil
830 627 863 679 et
877 614 1041 679 medrcurn
1055 626 1203 699 urget-
1214 615 1260 679 30
1393 652 1394 703 ,

238 721 329 784 Dum
342 717 478 802 nequid
494 717 699 796 similohuic,
716 725 784 779 esto
798 715 1011 779 utlibet—O
1025 716 1117 796 bone,
1133 735 1175 779 ne
1190 726 1222 780 te

238 820 422 883 Frustrere:
444 816 569 880 insanis
582 825 615 879 et
629 825 667 879 tu
680 815 835 896 stultique
850 833 946 897 prope
960 833 1082 894 omnes,
1393 862 1394 875 ,

238 919 274 984 Si
288 917 366 1001 quid
381 916 554 982 Stertinius
568 915 636 979 veri
650 924 767 997 crepat,
783 913 870 977 unde
884 934 945 996 ego
959 914 1041 977 mira

239 1018 402 1101 Descripsi
416 1016 529 1080 docilis
542 1024 714 1099 praecepta
728 1014 818 1094 haec,
834 1023 975 1096 tempore
989 1032 1054 1096 quo
1067 1033 1120 1077 nre

239 1119 369 1183 Solutus
379 1117 477 1201 jussit
490 1115 669 1199 sapientem
682 1133 814 1197 pascere
828 1114 963 1177 barbam
1214 1113 1257 1178 35

239 1219 346 1299 Atque
360 1237 381 1280 a
395 1216 544 1281 Fabricio
556 1234 623 1303 non
639 1214 764 1277 tristem
777 1223 873 1297 ponte
889 1214 1011 1276 reverti

240 1316 334 1396 Nam,
350 1315 435 1378 male
449 1335 483 1378 re
497 1324 597 1398 gesta,
612 1333 690 1377 cunr
705 1313 823 1376 vellem
838 1313 962 1375 mittere
976 1323 1084 1396 operto

240 1415 294 1478 Me
308 1415 412 1498 capite
427 1416 461 1479 in
476 1414 609 1495 flumen,
625 1413 738 1476 dexter
752 1412 838 1476 stetit
852 1423 892 1493 et,
908 1414 998 1476 Cave
1012 1411 1098 1476 faxis

239 1515 292 1579 Te
306 1514 486 1598 quidquam
500 1514 689 1596 indignum3
713 1512 830 1594 Pudor,
846 1512 959 1595 inquit,
975 1523 1006 1576 te
1021 1512 1128 1577 malus
1143 1514 1242 1598 angit,

242 1614 376 1678 Insanos
390 1615 447 1697 qui
461 1615 544 1677 inter
558 1633 686 1676 vereare
701 1614 838 1676 insanus
853 1612 972 1676 haberi.
1215 1613 1257 1676 40

242 1712 387 1777 Primum
399 1732 478 1777 nam
492 1712 663 1795 inquiram,
678 1712 759 1795 quid
773 1712 815 1775 sit
829 1710 950 1776 furere:
973 1712 1035 1775 hoc
1050 1713 1077 1774 si
1091 1712 1150 1775 erit
1164 1713 1200 1776 in
1213 1722 1244 1775 te

240 1812 325 1893 Solo,
340 1813 387 1877 nil
400 1813 497 1893 verbi,
513 1831 624 1895 pereas
638 1813 719 1894 quin
734 1811 861 1892 fortiter,
877 1811 1007 1875 addam.

240 1913 353 1982 Quem
367 1911 455 1975 mala
469 1911 606 1974 stultitia
621 1920 654 1974 et
667 1930 897 1994 quemcunque
912 1910 1040 1975 inscitia
1054 1910 1122 1974 reri

240 2011 384 2074 Caecum
398 2011 475 2093 agit,
491 2011 645 2075 insanum
659 2011 834 2094 Chrysippi
850 2010 991 2094 porticus
1005 2019 1038 2073 ct
1051 2030 1130 2092 grex

240 2111 407 2174 Autumat.
445 2111 536 2174 Haec
550 2110 693 2194 populos,
705 2111 788 2185 haec
803 2130 940 2193 magnos
950 2110 1089 2174 formula
1101 2129 1200 2194 reges,
1215 2109 1256 2174 45

241 2208 388 2291 Excepto
402 2211 553 2293 sapiente,
570 2222 664 2274 tenet.
708 2211 807 2274 Nunc
822 2211 940 2293 accipe,
955 2230 1055 2292 quare

242 2306 411 2390 Desipiant
424 2328 537 2372 omnes
551 2330 654 2392 aeque
668 2329 707 2372 ac
723 2319 769 2390 tu,
785 2309 842 2392 qui
856 2309 914 2373 tibi
928 2328 1046 2373 nomen

241 2407 360 2470 Insano
374 2428 517 2491 posuere.
561 2409 658 2473 Velut
673 2409 772 2490 silvis,
789 2410 845 2472 ubi
860 2410 982 2492 passim

240 2505 393 2570 Palantes
407 2529 491 2571 error
503 2519 588 2572 certo
603 2509 643 2573 de
659 2509 786 2572 tramite
801 2508 900 2592 pellit,

240 2605 299 2671 ille
314 2608 540 2688 sinistrorsum,
556 2609 610 2672 hic
625 2608 828 2671 dextrorsum
843 2610 918 2688 abit,
935 2628 1022 2672 unus
1037 2609 1164 2691 utrique
1215 2609 1257 2673 50

240 2705 346 2786 Error,
362 2706 419 2769 sed
434 2708 532 2770 variis
547 2706 654 2770 illudit
668 2708 831 2790 partibus;
856 2708 917 2770 hoc
933 2718 963 2771 te

240 2804 343 2867 Crede
357 2805 452 2868 modo
466 2804 627 2893 insanum,
643 2806 745 2869 nihilo
760 2816 797 2869 ut
810 2807 982 2889 sapientior
996 2807 1057 2888 ille,

240 2904 311 2973 Qui
326 2914 357 2967 te
371 2903 500 2985 deridet,
516 2904 658 2969 caudam
673 2906 790 2968 trahat.
835 2906 898 2968 Est
911 2926 1014 2989 genus
1030 2926 1135 2970 unum

240 3002 402 3067 Stultitiae
417 3003 557 3066 nihilum
572 3005 747 3068 metuenda
762 3006 912 3086 timentis,
929 3016 966 3069 ut
979 3007 1079 3089 ignes,

240 3100 285 3165 Ut
298 3121 393 3184 rupes
408 3101 590 3185 fluviosque
605 3103 638 3166 in
653 3123 769 3186 campo
783 3105 909 3168 obstare
923 3116 1093 3188 queratur,
1216 3108 1257 3171 55

239 3199 387 3264 Alterum
401 3211 433 3263 et
448 3201 523 3264 huic
538 3220 655 3266 varum
670 3212 702 3265 et
716 3203 818 3266 nihilo
833 3205 1010 3286 sapientius
1026 3206 1116 3288 ignes

239 3298 301 3363 Per
315 3299 437 3364 medios
452 3300 634 3384 fluviosque
648 3303 789 3366 ruentis:
812 3303 930 3367 clamet
944 3306 1059 3384 amica,

240 3397 353 3480 Mater,
369 3401 504 3464 honesta
519 3420 605 3465 soror
618 3422 696 3465 eum
711 3404 866 3486 cognatis,
882 3414 979 3487 pater,
987 3424 1087 3468 uxor:

240 3498 302 3563 Hie
317 3498 403 3562 fossa
417 3510 466 3564 est
480 3501 603 3584 ingens,
618 3503 672 3565 hic
688 3522 782 3586 rupes
797 3505 962 3585 maxima3
986 3524 1078 3567 serva
1091 3505 1099 3568 l

346 3727 387 3779 88.
404 3742 496 3778 veram.
561 3729 602 3780 39.
618 3740 694 3794 urget
759 3732 801 3784 48.
819 3732 910 3784 lunai.
977 3734 1017 3785 ⁵⁰.
1033 3736 1144 3798 utr'm.

422 3808 464 3858 56.
481 3810 582 3859 vanum.
648 3811 690 3869 st,
701 3812 741 3863 58.
758 3811 848 3863 clamet
859 3817 939 3865 amico
953 3813 1073 3866 Mater-.
