2842 4342
505 352 557 404 mr
580 352 680 405 aare
703 353 867 406 romeu
1121 340 1212 438 301·

214 511 327 577 latior
340 509 493 593 amplecti
506 529 630 591 murus,
647 509 797 593 vinoque
803 510 919 575 diurno

215 613 343 677 Placari
357 608 587 675 Geniusfestis
601 609 882 693 impunediebus3
1128 613 1192 678 210

214 711 361 776 Accessit
374 709 584 791 numerisque
597 709 769 792 modisque
784 710 915 773 licentia
929 711 1064 795 majora,

215 811 371 876 Indoctus
384 810 466 892 quid
480 809 568 873 enim
582 819 707 892 saperet
722 809 867 891 liberque
881 809 1028 874 laborum

213 911 371 976 Rusticus
386 910 511 973 urbano
523 907 689 990 confusus,
705 909 808 992 turpis
822 909 980 972 honestet

214 1012 269 1077 Sic
285 1011 409 1093 priscae
423 1019 613 1091 motumque
628 1018 661 1072 et
673 1008 839 1073 luxuriem
853 1008 979 1072 addidit
992 1008 1052 1073 arti

214 1111 363 1190 Tibicen,
378 1110 541 1191 traxitque
555 1127 662 1192 vagus
675 1128 733 1191 per
746 1108 872 1192 pulpita
886 1119 1019 1173 vestem
1129 1111 1192 1175 215

213 1210 269 1275 Sic
283 1211 383 1272 etiam
398 1207 519 1272 fidibus
534 1227 630 1271 voces
643 1227 772 1271 crevere
786 1208 914 1288 severis,

214 1309 260 1373 Et
274 1308 348 1372 tulit
361 1307 527 1390 eloquium
542 1307 708 1371 insolitum
723 1306 878 1371 facundia
892 1326 1051 1391 praeceps,

213 1408 417 1489 Utiliumque
432 1426 536 1490 sagax
551 1426 659 1471 rarum
672 1417 704 1471 et
718 1405 831 1470 divina
845 1406 946 1471 futuri

140 1546 144 1553 ·
212 1507 378 1591 Sortilegis
391 1525 458 1571 non
471 1506 646 1590 discrepuit
659 1507 819 1570 sententia
834 1507 979 1590 Delphis

212 1607 365 1671 Carmine
379 1607 438 1689 qui
452 1606 574 1689 tragico
588 1605 687 1670 vilem
701 1607 836 1670 certavit
850 1606 893 1670 ob
907 1607 1042 1687 hircum,
1127 1608 1191 1671 220

214 1706 293 1771 idox
306 1707 406 1770 etiam
420 1716 562 1789 agrestes
576 1706 710 1788 Satyros
725 1704 872 1780 nudavit,
887 1716 920 1767 ct
935 1724 1028 1787 asper

212 1805 372 1871 Incolumi
386 1806 542 1888 gravitate
553 1807 665 1890 jocum
679 1805 819 1868 tentavit
830 1823 878 1884 ec,
893 1802 981 1884 quod

211 1905 374 1968 Illecebris
387 1914 455 1968 arat
469 1914 502 1967 et
516 1914 609 1986 grata
622 1904 766 1968 novitate
780 1902 958 1966 morandus

211 2004 385 2086 Spectator,
401 2002 598 2085 functusque
613 2004 714 2066 sacris
728 2013 760 2066 et
774 2011 869 2086 potus
884 2014 915 2065 at
929 2002 1037 2066 exlex„

211 2103 333 2167 Verum
346 2103 392 2166 ita
405 2103 528 2182 risores,
543 2104 589 2166 ita
602 2101 831 2167 commendare
845 2100 972 2165 dicaces
1125 2102 1189 2166 225

210 2202 391 2266 Conveniet
404 2203 546 2285 Satyros,
562 2202 608 2265 ita
621 2212 742 2266 vertere
757 2202 840 2265 seria
854 2201 941 2281 ludo,

209 2301 270 2382 Ne,
284 2302 473 2384 quicunque
487 2301 577 2383 deus,
592 2302 780 2384 quicunque
795 2302 1000 2367 adhibebitur
1014 2303 1115 2378 heros,

208 2400 326 2484 Reguli
340 2410 531 2483 conspectus
545 2400 581 2464 in
595 2420 674 2464 auro
688 2420 791 2484 nuper
804 2411 838 2465 et
850 2411 943 2482 ostro,

209 2500 328 2583 Migret
342 2500 376 2563 in
389 2500 544 2564 obscuras
558 2499 676 2563 humili
690 2519 837 2563 sermone
850 2501 1009 2580 tabernas,

210 2600 288 2680 Aut,
302 2599 385 2662 dum
398 2599 480 2662 vitet
494 2598 643 2680 humum,
659 2600 763 2663 nubes
777 2610 810 2664 et
823 2599 935 2663 inania
949 2609 1065 2682 captet
1125 2597 1190 2661 230

210 2695 349 2762 Effutire
362 2697 451 2762 leves
465 2697 601 2782 indigua
615 2699 781 2782 tragoedia
794 2719 917 2779 versus,
1161 2696 1164 2701 ’

209 2798 256 2863 Ut
268 2798 360 2862 festis
374 2808 521 2863 matrona
536 2799 657 2862 moveri
667 2801 762 2883 jussa
775 2798 899 2879 diebus,

210 2898 357 2962 Intererit
370 2899 497 2982 Satyris
511 2898 661 2981 paullum
675 2898 870 2982 pudibunda
883 2896 1046 2981 protervis.

208 2998 285 3064 Nou
300 3018 360 3082 ego
374 2999 522 3063 inornata
536 3010 569 3063 et
582 2998 783 3062 dominantia
798 2999 931 3062 nomina
945 2997 1052 3060 solum

211 3099 388 3182 Verbaque,
403 3100 547 3180 Pisones,
562 3100 754 3182 Satyrorum
769 3099 901 3182 scriptor
914 3100 1051 3180 amabo,
1123 3095 1187 3159 235

210 3199 280 3265 Nec
294 3201 341 3264 sic
354 3201 459 3264 enitar
472 3201 592 3283 tragico
607 3198 732 3263 differre
746 3198 852 3278 colori,
1262 3188 1265 3195 ’

209 3299 257 3364 Ut
269 3300 353 3363 nihil
367 3301 498 3381 intersit,
514 3300 673 3365 Davusne
687 3299 839 3381 loquatur
852 3308 885 3361 et
898 3297 1009 3361 audax

208 3398 356 3483 Pythias,
371 3411 524 3465 emuncto
539 3401 664 3465 lucrata
678 3400 810 3464 Simone
823 3397 993 3477 talentum,

210 3500 266 3565 An
280 3511 389 3564 custos
403 3499 613 3584 summusque
628 3499 680 3564 dei
695 3499 827 3565 Silenus
842 3497 977 3561 alumni.

212 3599 266 3665 Ex
279 3611 357 3665 noto
370 3599 486 3665 fictum
499 3620 630 3666 carmen
645 3619 772 3684 sequar,
788 3609 826 3663 ut
840 3597 901 3662 sibi
915 3596 1024 3679 quiris
1122 3595 1186 3660 240

572 3830 630 3884 2³⁷.
646 3846 681 3881 an
691 3830 780 3882 andan
