2842 4342
490 400 600 449 omna
623 399 648 450 1.
697 400 732 450 r.
756 400 806 450 rv.
1094 342 1166 457 ate

183 560 339 624 Privatos
353 567 391 621 ut
404 569 540 640 qrraerat
553 575 638 640 opes,
654 566 687 620 et
701 566 832 640 tangere
847 557 927 622 vitet
1061 622 1069 638 ,

184 660 325 743 Scripta,
340 657 512 721 Palatinus
526 675 741 738 quaecunque
755 656 873 739 recepit
886 656 1020 740 Apollc;
1149 656 1152 661 ’

185 759 249 839 Ne,
265 760 293 822 si
308 757 388 822 sorte
402 776 481 820 suas
496 756 666 840 repetitum
680 756 804 820 venerit
818 755 895 819 olim

187 860 278 922 Grex
293 857 408 921 avium
422 855 561 939 plumas,
576 865 707 919 moreat
721 855 885 919 cornicula
899 855 1001 920 risum

187 957 336 1022 Furtivis
350 955 476 1020 nudata
489 954 658 1020 coloribus.
702 955 776 1037 lpse
789 954 870 1038 quid
884 955 1009 1019 audesl
1124 959 1168 1022 20

186 1059 288 1128 Quae
303 1055 543 1120 circumvolitas
556 1054 653 1137 agilis
667 1054 809 1138 thyma?
847 1055 923 1119 Non
938 1056 994 1120 tibi
1009 1074 1147 1140 parvum

188 1156 373 1240 Ingenium,
388 1174 456 1219 non
469 1155 631 1219 incultum
645 1163 695 1219 est
707 1164 741 1218 et
754 1155 886 1237 turpiter
899 1155 1041 1221 hirtum:

187 1257 258 1322 Seu
272 1256 422 1338 linguam
435 1255 545 1319 causis
560 1254 660 1335 acuis,
676 1274 735 1318 seu
749 1254 854 1318 civica
863 1256 938 1338 jura
974 1318 978 1331 ,

187 1354 396 1439 Respondete
410 1375 515 1438 pares,
530 1375 590 1418 seu
604 1351 718 1419 condis
731 1354 872 1418 amabile
886 1374 1027 1436 carmen,

187 1455 300 1520 Prima
315 1454 395 1519 seres
410 1455 547 1519 hederae
561 1454 702 1518 victricis
716 1455 872 1538 praemia.
916 1456 1046 1526 Quodsi
1124 1456 1168 1520 25

189 1554 326 1638 Frigida
340 1573 493 1619 curarum
508 1553 652 1618 fomenta
665 1553 845 1636 relinquere
860 1574 978 1637 posses,

190 1655 271 1726 Quo
286 1666 316 1718 te
330 1654 476 1718 coelestis
491 1655 651 1738 sapientia
665 1654 804 1734 duceret,
820 1654 891 1717 ires.

191 1755 264 1819 Hoc
278 1774 369 1838 opus,
384 1755 446 1818 hoc
462 1753 608 1818 studium
621 1754 714 1837 parvi
728 1772 935 1836 properemus
949 1764 982 1817 et
996 1753 1105 1837 ampli,
1144 1778 1155 1797 ·

189 1855 227 1918 Si
242 1855 363 1938 patriae
377 1854 539 1933 volumus,
555 1855 583 1917 si
597 1855 690 1917 uobis
704 1853 814 1916 vivere
828 1852 903 1915 cari.

191 1953 301 2017 Debes
315 1953 377 2017 hoc
392 1953 491 2017 etiam
505 1953 682 2033 rescribere,
699 1953 727 2016 si
742 1951 799 2015 tibi
814 1971 920 2032 curae,
1126 1951 1170 2016 30

191 2053 349 2124 Quanue
362 2053 543 2133 conveniat,
559 2052 739 2133 Munatius,
755 2071 800 2116 art
814 2051 901 2115 male
915 2061 1003 2116 sarta

191 2153 306 2218 Gratia
319 2153 542 2236 nequidquam
557 2153 622 2216 coit
635 2161 668 2215 et
681 2150 897 2216 rescinditur?
939 2153 992 2232 At,
1007 2170 1066 2215 ros

192 2253 260 2318 Seu
273 2251 402 2316 calidus
416 2253 550 2336 sanguis
566 2271 625 2316 seu
640 2271 749 2316 rerum
762 2252 893 2316 inscitia
906 2261 1006 2317 vexat

192 2349 357 2418 Indomita
370 2353 494 2416 cervice
509 2351 600 2432 feros,
616 2353 803 2436 ubieunque
818 2353 961 2417 locorum

192 2452 319 2533 vivitis,
334 2451 460 2535 indigni
474 2451 651 2516 fraternum
665 2472 811 2537 rumpere
826 2451 957 2517 foedus:
1127 2450 1170 2515 35

193 2551 344 2617 Pascitur
358 2552 392 2615 in
407 2561 552 2617 vestrum
565 2551 708 2617 reditum
722 2553 833 2616 votiva
841 2554 993 2637 juvenca

510 3065 726 3130 uplsroua
756 3064 811 3127 IV.

386 3247 442 3292 ΔΙ)
472 3249 655 3294 sumum
684 3249 948 3294 mensuum.

939 3336 955 3377 ἱ

237 3411 322 3492 Albi,
339 3423 521 3477 nostrarum
535 3431 722 3477 sermonum
736 3411 873 3475 candide
882 3410 994 3496 judex,

194 3510 288 3582 Quid
302 3530 393 3576 nunc
408 3521 440 3576 te
454 3512 563 3577 dicam
577 3513 681 3577 faeere
695 3514 731 3577 in
745 3512 873 3596 regione
888 3509 1047 3575 Pedaual

195 3610 349 3691 Scribere,
364 3612 453 3695 quod
468 3613 563 3676 Cassi
577 3613 761 3677 Parmensis
775 3611 933 3696 opuscula
945 3611 1066 3694 vincat,

194 3709 250 3774 An
264 3711 402 3776 tacitum
416 3712 517 3776 silvas
531 3714 613 3777 inter
627 3723 750 3797 reptare
765 3712 919 3792 salubres,

509 3896 636 3949 stilibi).
653 3898 830 3949 sitnbieurse.

641 3978 696 4041 11·
