2842 4342
530 342 640 393 urana
665 342 716 391 Ν.
766 341 796 390 c.
822 340 873 390 ιν.
1136 318 1205 391 121

358 499 452 575 Quid
465 500 592 578 debeas,
607 518 627 561 o
641 499 755 578 Roma,
771 496 960 576 Neronibus,

359 600 471 665 Testis
486 599 673 662 Metaurum
687 596 813 660 flumen
828 606 860 659 et
873 595 1059 660 Hasdrubal

404 698 559 762 Devictus
573 706 606 758 et
620 695 755 778 pulcher
768 693 889 778 sugatis

449 797 506 861 [lle
519 795 589 859 dies
605 796 699 859 Latio
713 795 860 865 tenebris.
949 834 956 849 a

363 996 434 1067 Qui
448 996 572 1077 primus
587 993 675 1056 alma
690 993 759 1056 risit
772 993 898 1073 adorea,

366 1094 465 1157 Dirus
478 1112 535 1175 per
549 1093 645 1156 urbes
660 1091 738 1155 Aser
752 1102 789 1154 ut
803 1091 904 1155 Italas

406 1194 477 1256 Cen
491 1192 627 1256 flamma
641 1211 697 1274 per
711 1189 823 1254 taedas
837 1190 890 1253 vel
905 1190 1016 1254 Eurus

449 1292 511 1355 Per
525 1290 654 1356 Siculas
668 1291 827 1373 equitavit
842 1290 957 1354 undas.

366 1490 444 1553 Post
456 1489 519 1553 hoc
534 1488 686 1553 secundis
702 1507 805 1571 usque
820 1488 982 1553 laboribus
1173 1487 1216 1552 45

367 1589 517 1652 Romana
531 1589 634 1670 pubes
648 1588 757 1667 crevit,
773 1598 810 1650 et
819 1585 917 1670 impio

409 1687 545 1750 Vastata
558 1688 740 1751 Poenorum
754 1686 898 1749 tumultu

452 1786 548 1849 Pana
562 1785 639 1849 deos
656 1785 798 1849 habuere
813 1795 922 1864 rectos,

370 1983 526 2065 Dixitque
540 1983 673 2048 taudem
687 1983 830 2067 perfidus
845 1982 1031 2048 Hannibal:
1085 2020 1095 2043 1

371 2083 475 2162 Cervi,
491 2081 641 2165 luporum
655 2082 776 2166 praeda
790 2083 966 2165 rapacium,
1176 2081 1219 2146 50

411 2182 583 2247 Sectamnr
596 2181 689 2262 ultro,
703 2201 786 2264 quos
800 2183 927 2265 opimus

454 2280 581 2345 Fallere
595 2291 628 2344 et
641 2280 783 2364 effugere
797 2292 846 2344 est
861 2281 1051 2365 triumphus

370 2479 469 2558 Gens,
484 2497 569 2560 quae
584 2490 726 2542 cremato
740 2477 830 2543 fortis
846 2480 888 2543 ab
901 2479 962 2543 llio

371 2578 499 2644 Jactata
513 2578 635 2643 Tuscis
649 2579 851 2661 aequoribus,
867 2598 959 2643 sacra

412 2676 578 2759 Notosque
593 2687 801 2760 maturosque
816 2688 921 2761 patres
1178 2677 1220 2740 55

456 2777 590 2840 Pertulit
604 2778 769 2841 Ausonias
783 2777 826 2841 ad
840 2778 944 2857 urbes,

374 2972 472 3061 Duris
487 2984 524 3037 ut
537 2974 604 3037 ilex
618 2984 713 3038 tonsa
726 2975 919 3058 bipennibus

374 3072 491 3154 Nigrae
506 3071 603 3136 feraci
619 3072 740 3136 frondis
755 3075 789 3136 in
804 3073 930 3157 Algido,
1046 3114 1052 3127 ·

415 3172 477 3235 Per
491 3170 622 3251 damna,
639 3191 695 3254 per
708 3170 834 3253 caedes,
850 3172 892 3236 ab
906 3173 975 3255 ipso

458 3270 559 3334 Ducit
572 3290 649 3353 opes
664 3271 878 3353 animumque
893 3269 982 3335 ferro.
1179 3272 1223 3336 60

374 3481 447 3546 Non
461 3483 569 3566 hydra
583 3494 670 3547 secto
684 3504 812 3568 corpore
826 3484 947 3549 firmior

360 3582 469 3660 ,Vinci
483 3583 646 3648 dolentem
661 3586 763 3648 crevit
777 3585 811 3648 in
826 3584 1010 3666 Herculem,

470 3798 511 3849 42.
530 3798 616 3849 Durus.
758 3803 796 3851 60.
814 3804 961 3863 animosque.

707 3881 728 3941 6
