2842 4342
495 362 669 414 arenam
719 364 817 415 ara
1093 350 1167 422 291

191 519 403 585 Praeturlerim
416 519 549 603 scriptor
561 519 682 584 delirus
695 520 847 604 inersque
860 522 971 604 videri,

192 620 284 683 Dum
297 638 372 683 mea
385 617 545 683 delectent
558 619 648 685 mals
660 639 714 684 me
728 620 782 683 vel
796 620 935 704 deniqne
950 621 1075 704 fallant,

191 722 308 791 Quam
321 738 434 802 mpero
445 729 479 782 et
492 718 584 801 ringi
628 719 708 785 Fuit
721 719 812 784 haud
826 721 976 802 ignobilis
990 722 1095 805 Argis,

191 820 263 890 Qui
278 839 313 882 se
327 817 477 883 credebat
490 818 588 883 miros
601 818 714 883 audire
728 818 905 902 tragoedos,

192 920 231 983 ln
246 937 353 982 vacuo
367 917 473 982 laetus
486 936 590 981 sessor
603 918 799 1001 plausorque
815 919 956 1000 theatro;
1107 920 1168 984 130

192 1021 308 1085 Cetera
321 1019 380 1101 qui
393 1019 481 1082 vitae
495 1027 635 1081 servaret
649 1019 765 1081 munia
778 1028 864 1082 recto

193 1118 292 1196 More,
306 1117 412 1180 bonna
426 1135 505 1180 sane
519 1116 656 1196 vicinus,
671 1117 822 1181 amabilis
837 1117 962 1200 hospes,

192 1216 304 1280 Gomis
317 1217 353 1279 in
367 1234 511 1296 uxorem,
525 1226 633 1299 posset
647 1216 704 1297 qui
719 1216 882 1299 ignoscere
897 1217 998 1282 servis

192 1316 239 1380 Et
252 1316 346 1399 signo
359 1314 447 1378 laeso
461 1334 528 1379 non
542 1315 683 1379 insanire
697 1313 851 1399 lagenam

193 1415 306 1479 Posset
319 1413 378 1496 qni
391 1432 505 1496 rupem
518 1424 551 1479 et
564 1424 700 1496 puteum
713 1415 815 1478 vitare
829 1424 1001 1498 patentem
1106 1414 1167 1479 loo
1260 1426 1271 1447 ·

94 1528 99 1537 ’
192 1513 257 1577 Hic
271 1513 329 1577 ubi
342 1522 553 1595 cognatorum
566 1512 682 1595 opibus
695 1512 846 1595 curisque
860 1512 997 1578 refectus

193 1610 333 1695 Expulit
345 1609 506 1675 helleboro
520 1610 669 1675 morbum
683 1610 845 1693 bilemque
860 1616 995 1690 merare
1010 1648 1071 1707 f*-
1091 1648 1098 1661 ·

193 1711 240 1775 Et
253 1709 335 1775 redit
347 1709 391 1773 ad
405 1728 494 1774 sese:
517 1709 584 1789 Pol,
599 1729 652 1775 me
665 1709 837 1789 occidistis,
852 1710 958 1790 amici,

193 1809 270 1877 Non
284 1809 444 1889 sensatis,
459 1808 513 1888 ait,
527 1808 584 1873 cui
597 1809 645 1872 sic
659 1817 785 1895 extorta
799 1807 949 1889 voluptas
967 1861 982 1873 ..

194 1908 240 1974 Et
253 1908 404 1991 demptus
417 1926 474 1991 per
486 1907 556 1972 vim
569 1907 688 1971 mentis
702 1906 907 1989 gratissimus
920 1924 1012 1970 error.
1107 1904 1169 1969 140

194 2005 360 2071 Nimirum
373 2024 484 2090 sapere
497 2016 547 2069 est
560 2005 692 2089 abjectis
706 2004 785 2068 utile
799 2002 906 2088 nugis,

194 2106 242 2170 Et
254 2105 483 2189 tempestivum
496 2104 604 2188 pueris
617 2103 791 2169 concedere
805 2103 931 2184 ludum,

195 2206 246 2270 Ac
259 2223 326 2269 non
339 2205 438 2269 verba
452 2205 545 2286 sequi
558 2203 679 2267 fidibus
693 2203 894 2268 modulanda
908 2203 1043 2284 Latinis,

194 2300 263 2370 sed
274 2322 371 2366 verae
385 2321 600 2385 numerosque
614 2302 794 2385 modosque
805 2302 946 2367 ediscere
960 2303 1056 2367 vitae

194 2402 360 2473 Quocirca
370 2420 500 2466 mecum
514 2401 627 2484 loquor
640 2401 722 2465 haec
737 2402 919 2485 tacitusque
933 2402 1092 2473 recordor:
1109 2400 1171 2465 145

194 2501 233 2566 si
246 2500 304 2565 tibi
318 2499 411 2564 nulla
424 2500 512 2563 sitim
526 2499 632 2564 finiret
645 2500 739 2583 copia
752 2500 917 2583 lymphae,

197 2600 351 2665 Numeres
364 2599 517 2664 medicis:
538 2600 635 2683 quod,
650 2610 774 2683 quanto
788 2600 883 2683 plura
896 2599 1024 2683 parasti,

196 2699 308 2762 Tanto
322 2697 417 2781 plura
429 2698 530 2781 cupis,
546 2698 671 2763 nulline
684 2697 810 2763 faterier
824 2698 950 2762 auderi

196 2797 233 2864 δί
247 2796 370 2860 vulnus
384 2797 441 2860 tibi
453 2806 633 2861 monstrata
647 2797 755 2861 radice
770 2795 822 2860 vel
836 2795 937 2858 herba

198 2896 273 2961 Non
288 2894 377 2959 lieret
391 2894 504 2975 levius,
519 2893 836 2978 sugeresradioevel
849 2893 949 2957 herba
1112 2894 1174 2957 150

197 2994 388 3060 Proficiente
401 2995 485 3059 nihil
497 2996 646 3059 curarier.
688 2993 857 3073 Audieras,
872 2993 928 3056 cui

199 3094 284 3158 Rem
297 3092 333 3157 dr
346 3093 510 3175 donarent,
525 3094 573 3158 illi
586 3092 740 3158 decedere
753 3111 889 3176 pravam

197 3193 397 3276 stultitiam
420 3204 460 3275 et,
475 3212 553 3257 cum
566 3193 612 3257 sis
625 3191 728 3257 nihilo
742 3192 920 3276 sapientior,
935 3208 1058 3272 exque

199 3293 329 3357 Plenior
341 3312 385 3373 es,
401 3303 510 3357 tamen
525 3293 624 3357 uteris
638 3292 849 3357 monitoribus
864 3290 991 3355 redemi

199 3393 244 3457 At
257 3392 286 3456 si
299 3391 431 3456 divitiae
445 3392 637 3476 prudentem
651 3390 783 3456 reddere
796 3400 934 3473 possent,
1111 3389 1174 3454 155

198 3492 236 3556 δί
249 3491 408 3576 cupidum
421 3491 636 3573 timidumque
650 3489 760 3555 miuus
774 3500 814 3570 te,
829 3509 946 3573 nempe
960 3489 1099 3570 iuberes,

199 3590 330 3655 Viveret
343 3592 378 3656 in
392 3592 482 3656 terris
497 3600 528 3654 te
542 3591 572 3655 si
584 3591 659 3679 quis
673 3589 799 3654 avarior
813 3607 888 3653 uno.

200 3690 237 3755 Si
249 3690 414 3774 proprium
427 3701 485 3771 est,
500 3689 588 3773 quod
603 3692 677 3773 quis
692 3689 773 3753 libra
787 3698 947 3751 mercatur
960 3697 992 3750 et
1007 3706 1089 3765 aere,

201 3788 387 3870 Quaedam,
402 3791 430 3853 si
444 3789 548 3853 credis
562 3788 726 3865 consultis,
742 3788 906 3873 mancipat
921 3804 1020 3863 usus;
