2842 4342
469 1000 507 1081 0.
535 1000 716 1076 ututur
744 998 896 1113 ritccl

314 1256 1060 1359 SATIRARUM

400 1530 403 1536 ’
514 1538 653 1604 LIBER
684 1538 860 1604 PRIMUS.

584 2018 746 2082 suumn
777 2017 803 2080 1.

264 2258 336 2328 Qut
358 2256 404 2336 fit,
418 2258 601 2339 Maecenas,
616 2268 654 2322 nt
668 2275 773 2337 nemo,
787 2272 889 2339 qnam
904 2255 964 2319 sibi
978 2264 1096 2321 sortem

221 2356 291 2421 seu
304 2358 385 2420 ratio
399 2356 523 2421 dederit
536 2376 595 2421 seu
609 2355 673 2420 fors
687 2355 842 2441 objecerit,
857 2353 914 2417 illa

223 2455 406 2519 Contentus
419 2457 519 2536 vivat,
535 2456 646 2519 laudet
660 2456 788 2519 diversa
802 2453 998 2537 sequentes?

224 2551 254 2616 Ο
270 2552 422 2618 fortunati
437 2556 647 2618 mercatores!
671 2555 779 2637 gravis
794 2554 889 2618 annis

226 2651 320 2715 Miles
335 2653 388 2733 ait,
403 2653 507 2716 multo
516 2655 587 2738 jam
600 2652 722 2716 fractus
737 2652 880 2716 membra
894 2652 1009 2715 labore.
1178 2650 1200 2716 ὅ

225 2751 346 2815 Contra
359 2762 523 2833 mercator,
538 2771 657 2816 navem
667 2752 866 2836 jactantibus
880 2751 1015 2830 Austris,

226 2849 342 2913 Militia
356 2860 404 2914 est
417 2852 527 2934 potior.
571 2851 664 2922 Quid
678 2851 790 2915 enim?
832 2851 1058 2915 Consumitur:
1080 2849 1178 2914 horae

226 2949 390 3013 Memento
404 2951 469 3013 cita
482 2970 568 3013 mors
581 2951 671 3015 venit
685 2960 744 3014 aut
757 2951 890 3015 victoria
904 2951 998 3013 laeta

226 3049 408 3130 Agricolam
422 3049 537 3113 laudat
546 3051 627 3134 juris
641 3050 816 3133 legumque
831 3050 959 3132 peritus,

224 3146 294 3210 Sub
308 3146 387 3230 galli
400 3159 536 3213 cantum
549 3149 714 3212 consultor
727 3149 784 3218 ubi
799 3149 881 3212 ostia
895 3149 1012 3231 pulsat
1157 3147 1199 3213 10

223 3244 291 3327 Ille,
306 3246 392 3311 datis
406 3248 554 3330 vadibus,
570 3249 627 3331 qui
641 3268 714 3313 rure
729 3259 894 3313 extractus
908 3249 943 3312 in
957 3248 1070 3313 urbem
1083 3257 1140 3330 est,

221 3344 315 3408 Solos
330 3344 440 3410 felices
454 3348 602 3411 viventes
616 3348 737 3412 clamat
750 3353 785 3412 in
799 3348 887 3411 urbe.

222 3443 338 3508 Cetera
352 3444 393 3508 de
408 3465 522 3528 genere
536 3447 607 3526 hoc,
623 3447 704 3511 adeo
720 3459 796 3511 sunt
810 3448 923 3527 multa,
939 3446 1108 3528 loquacem

222 3541 394 3608 Delussare
408 3545 520 3610 valent
533 3547 686 3611 Fabium.
730 3548 780 3612 Nc
796 3558 826 3611 tc
841 3567 952 3627 morer,
968 3546 1055 3629 audi,

317 3744 484 3797 starum
582 3747 824 3814 carnum.
922 3748 1055 3799 πω

423 3827 446 3877 8.
466 3826 594 3883 nomento
604 3837 647 3879 sut
657 3830 715 3953 aig.
816 3830 852 3879 10.
870 3839 950 3896 cantu.
