2842 4342
646 352 845 407 ommuni

443 516 556 587 Quem
571 513 652 597 legis
666 521 813 594 expertes
827 510 966 574 Latinae

488 612 646 677 Vindelici
660 610 799 674 didicere
813 628 924 693 nuper,

403 809 496 883 Quid
512 810 616 873 Marte
631 828 760 892 pesses3
784 807 885 871 milite
899 827 979 873 narn
992 817 1049 872 tuo

404 904 534 974 Drusus
548 910 734 987 Genaunes,
750 906 962 990 implacidum
975 926 1087 990 genus,

445 1010 656 1090 Breunosque
670 1006 798 1070 veloces
811 1015 844 1070 et
858 1026 949 1070 arces

494 1107 628 1189 Alpibus
643 1107 810 1188 impositas
824 1105 997 1171 tremendis

306 1382 312 1390 ι
406 1304 530 1388 Dejecit
544 1323 617 1367 acer
631 1303 705 1387 plus
720 1304 791 1367 vice
805 1302 961 1387 simplici:

405 1404 509 1488 Major
524 1402 691 1467 Neronum
705 1421 783 1467 mox
797 1421 895 1485 gram
910 1403 1066 1486 proelium

448 1502 617 1568 Commisit
631 1502 856 1585 immanesque
870 1503 990 1567 Raetos
1224 1503 1263 1567 15

489 1601 651 1685 Auspiciis
665 1601 790 1685 pepulit
803 1601 963 1683 secundis,

405 1798 609 1883 spectandus
623 1800 658 1864 in
671 1801 846 1863 certamine
861 1800 988 1877 Martio,

405 1899 532 1963 Devota
547 1899 640 1963 morti
655 1908 782 1982 pectora
796 1900 913 1963 liberes

446 1998 591 2070 Quantis
605 1997 754 2082 fatigaret
767 1998 889 2062 ruinis:

490 2097 668 2161 Indomitas
682 2115 779 2180 prope
793 2097 900 2181 qualis
914 2095 1021 2162 undas
1218 2098 1262 2162 20

404 2294 545 2358 Exercet
559 2295 685 2376 Auster,
700 2295 873 2360 Pleiadum
886 2294 984 2359 choro

404 2392 577 2458 scindente
591 2395 705 2475 nubes,
720 2394 856 2478 impiger
868 2394 1011 2459 hostium

446 2493 572 2558 Vexare
586 2502 719 2575 turmas,
734 2504 768 2557 et
780 2493 970 2558 frementem
1031 2545 1036 2555 .

487 2592 615 2657 Mittere
628 2613 752 2677 equum
766 2593 890 2657 medios
904 2613 961 2676 per
973 2593 1075 2677 ignes
1122 2632 1127 2639 „

403 2804 823 2871 Srctaurilormisvolvitur
836 2804 986 2886 Aufidus,
1218 2804 1262 2870 25

404 2904 475 2975 Qui
490 2922 590 2988 regna
603 2904 717 2969 Dauni
730 2904 880 2989 praefluit
894 2904 1002 2987 Apuli,

447 3003 534 3066 Cum
548 3005 659 3083 saevit,
675 3004 933 3086 horrendamque
947 3003 1043 3069 cultis
1133 3002 1135 3005 ’

489 3101 655 3166 Diluriem
669 3102 843 3166 meditetur
857 3103 951 3186 agris,

406 3310 449 3377 Ut
465 3313 670 3377 barbaromm
685 3311 845 3376 Claudius
859 3314 993 3396 agmina

405 3411 906 3496 Ferratavastcdimitimpetu,
1216 3412 1262 3479 30

445 3508 635 3593 Primosque
648 3522 681 3575 et
694 3522 854 3576 extremos
868 3498 1018 3576 metendo

486 3608 607 3673 stravit
620 3611 771 3695 humum,
786 3611 856 3676 sine
871 3611 964 3676 clade
978 3611 1088 3692 victer,

669 3809 711 3860 28.
728 3809 830 3873 perfluit.
