2842 4342
522 324 633 375 LIBER
657 325 711 378 111.
761 328 791 380 0.
817 330 853 381 V.

563 622 743 686 GARMEN
773 626 810 688 V.

316 819 365 865 IN
394 821 571 865 LAUDEM
603 822 819 869 CAESARIS
852 825 1052 874 suonam.

365 997 464 1062 Coelo
477 1008 645 1063 tonantem
658 1001 855 1067 credidimus
868 1004 985 1070 Jovem

364 1095 530 1180 Regnare:
553 1116 704 1181 praesens
718 1098 815 1165 divus
828 1102 998 1171 habebitur

406 1196 586 1280 Augustus,
602 1196 734 1283 adjectis
748 1200 912 1267 Britannis

448 1296 585 1379 Imperio
599 1299 818 1382 gravibusque
832 1301 945 1367 Persis
961 1375 963 1379 .

364 1492 504 1557 >blilesne
518 1495 628 1559 Crassi
642 1498 780 1581 conjuge
796 1500 930 1565 barbara

365 1591 487 1675 Turpis
501 1594 637 1659 maritus
650 1596 761 1661 vixit?
781 1599 978 1682 stimuum,

406 1690 469 1754 Pro
482 1691 583 1756 Curia
596 1694 780 1779 inversique
794 1700 916 1764 mores!

451 1790 630 1857 Conseuuit
644 1813 826 1861 socerorum
840 1798 875 1862 in
889 1800 987 1863 armis

367 1987 437 2052 Sub
450 2007 525 2073 rege
538 1989 635 2056 Medo
650 1992 782 2058 Marsus
795 2005 827 2059 et
842 1996 979 2079 Apulus,

367 2086 568 2153 Anoiliorum
582 2101 615 2154 et
627 2093 769 2157 nominis
782 2103 815 2158 et
828 2105 922 2179 togae

407 2185 537 2251 Oblitus
552 2198 765 2274 aeternaeque
780 2192 904 2276 Vestae,

448 2286 608 2353 Incolumi
622 2289 704 2354 Jove
717 2300 751 2355 et
764 2293 843 2358 urbe
857 2294 988 2361 Romal

365 2497 437 2562 Hoc
450 2513 581 2565 caverat
594 2523 688 2569 mens
701 2509 837 2590 provida
850 2502 991 2596 Reguli'

367 2597 594 2665 Dissentientis
608 2604 847 2673 conditionibus

406 2697 534 2780 Foedis,
549 2711 582 2764 et
595 2705 745 2788 exemplo
759 2708 915 2773 trahentis

448 2797 628 2866 Perniciem
642 2804 777 2870 veniens
790 2806 825 2870 in
839 2827 968 2890 aevum,

364 2976 402 3042 Si
415 2996 481 3045 non
494 2983 608 3064 periret
621 2985 858 3054 immiserabilis
1046 3059 1050 3067 ,

365 3075 503 3161 Captiva
517 3082 628 3164 pubes.
672 3087 775 3170 Signa
789 3109 849 3174 ego
862 3091 996 3156 Punicis
1060 3162 1067 3173 ,

407 3177 518 3244 Affixe
533 3181 683 3267 delubris,
698 3195 731 3251 et
745 3208 837 3253 arma

447 3276 606 3346 Militibus
621 3284 691 3350 sine
705 3287 813 3368 caede,
828 3287 920 3369 dixit,

364 3470 505 3558 Derepta
520 3479 597 3561 vidi,
613 3481 681 3546 vidi
695 3501 755 3565 ego
769 3484 891 3550 civium

362 3569 494 3639 Retorta
508 3586 596 3663 tergo
609 3580 742 3647 brachia
756 3584 855 3649 libero

384 3768 414 3821 0.
424 3787 448 3823 v.
459 3770 485 3824 8.
502 3777 572 3827 mh
687 3782 728 3833 1⁵.
744 3782 857 3846 nubenti,
868 3785 899 3838 ds
909 3790 973 3855 conj.
