2842 4342
239 345 310 419 180
636 362 853 414 sismusmt

234 520 415 603 Simplicior
428 519 503 601 quis
516 527 550 582 et
563 528 622 599 est,
637 519 771 601 qualem
785 539 839 585 me
853 539 949 603 saepe
963 520 1099 587 libenter

235 619 414 683 Obtulerim
429 619 495 698 tibi,
512 618 694 699 Maecenas,
710 630 748 683 ut
762 618 841 683 forte
856 619 1018 702 legentem

234 720 302 781 Aut
316 718 452 782 tacitum
466 718 612 801 impellat
625 718 742 801 quovis
756 738 902 782 sermone
916 720 1090 784 molestus:
1213 725 1255 789 65

234 818 410 881 Communi
423 837 524 881 sensu
537 817 634 900 plane
647 826 743 898 caret,
758 818 934 900 inquimus.
977 820 1084 899 Eheu,

233 917 347 985 Quam
361 928 479 980 temere
494 917 528 980 in
543 926 670 980 nosmet
685 916 791 999 legem
805 918 973 981 sancimus
987 918 1153 1001 iniquam!

235 1018 321 1083 Nam
335 1017 422 1079 vitiis
436 1035 532 1080 nemo
546 1016 617 1079 sine
631 1016 793 1079 nascitur:
815 1016 957 1099 optimus
971 1017 1025 1081 ille
1039 1028 1096 1098 est,

233 1116 303 1185 uui
318 1115 461 1179 minimis
476 1124 616 1198 urgetur.
634 1150 637 1155 ι
659 1116 797 1179 Amicus
812 1115 926 1196 dulcis,
942 1126 979 1180 ut
993 1137 1138 1200 aequum
1151 1128 1210 1200 est,

233 1215 320 1278 Cum
334 1233 408 1277 meu
422 1223 608 1297 compenset
621 1214 709 1278 vitiis
724 1217 817 1296 boue,
833 1215 980 1298 pluribus
994 1216 1093 1297 hisce,
1210 1219 1254 1284 ⁷0

232 1315 268 1377 Si
283 1312 380 1377 modo
393 1314 488 1396 plura
501 1314 583 1378 mihi
599 1315 684 1379 bons
698 1326 785 1397 sunt,
800 1316 941 1397 inclinet,
957 1318 1060 1381 amari

232 1414 268 1478 Si
283 1413 389 1477 volet:
410 1414 474 1477 hec
489 1413 559 1496 lege
574 1415 609 1478 in
623 1415 744 1479 trutina
758 1426 894 1497 ponetur
907 1416 1030 1481 eadem.

232 1513 311 1592 Qui,
327 1532 369 1576 ne
383 1514 549 1578 tuberibus
563 1514 697 1597 propriis
710 1514 856 1579 offendat
869 1517 1021 1596 amicum,

236 1611 388 1692 Postulat,
403 1612 547 1695 ignoscet
561 1614 703 1677 verrucis
717 1613 824 1695 illius;
847 1633 990 1696 aequum
1004 1625 1060 1696 est,

236 1711 378 1775 l’eccatis
394 1712 526 1775 veniam
540 1722 727 1794 poscentem
741 1712 873 1776 reddere
888 1733 1011 1777 rursus.
1211 1718 1254 1784 tn

237 1812 392 1896 lienique,
407 1823 570 1895 quatenus
584 1812 691 1877 excidi
705 1813 836 1895 penitus
850 1814 968 1878 vitium
982 1815 1056 1895 irae,

234 1914 347 1976 Octers
362 1913 440 1976 item
453 1922 622 1994 nequeunt
635 1912 744 1976 stultis
757 1913 942 1977 haerentia:
965 1933 1023 1977 cur
1037 1932 1103 1978 non

236 2010 432 2075 Ponderibus
446 2010 653 2093 modulisque
666 2012 737 2075 suis
750 2012 832 2075 ratio
846 2013 955 2092 utitur,
970 2031 1010 2075 ec
1023 2033 1082 2093 res,

236 2110 278 2174 Ut
292 2121 513 2192 quemqueen,
529 2112 575 2174 its
590 2110 758 2193 suppliciis
772 2110 891 2175 delicte
905 2112 1054 2175 coercetl

232 2209 269 2274 st
283 2208 357 2291 quis
372 2228 449 2272 eum
463 2228 603 2290 servum,
619 2210 767 2293 petinam
780 2211 838 2292 qui
853 2210 962 2273 tollere
972 2212 1094 2294 jmsus,
1210 2212 1255 2276 80

233 2309 382 2373 Semesos
396 2309 500 2391 pisces
516 2307 726 2391 tepidumque
740 2308 896 2391 ligurierit
905 2311 971 2393 jus,

234 2409 272 2471 ln
287 2428 382 2471 cruce
397 2407 537 2490 suffigat,
553 2408 706 2473 Labeone
721 2408 866 2472 insanior
878 2409 961 2472 inter

233 2507 338 2572 Senos
353 2505 487 2570 dicatur.
531 2508 668 2577 Quanto
682 2507 745 2571 hoc
760 2506 912 2571 furiosius
926 2517 1023 2590 atque

234 2606 342 2691 MaJus
356 2616 526 2688 peccatum
540 2607 608 2670 estl
652 2606 797 2670 Peulum
810 2604 948 2689 deliquit
962 2606 1107 2688 amicus3

232 2706 335 2777 Quod
349 2706 411 2769 nisi
426 2705 594 2787 concedas,
608 2707 749 2771 habeare
764 2707 930 2770 insuavis:
952 2708 1091 2770 acerbus
1210 2707 1257 2772 85

234 2805 340 2870 Odisti
354 2816 386 2869 et
400 2805 496 2888 fugis,
511 2816 549 2870 ut
563 2806 731 2870 Rusonem
744 2805 868 2869 debitor
881 2805 983 2886 aeris3

233 2906 305 2975 uui
319 2905 391 2986 nisi,
405 2925 483 2969 cum
498 2905 602 2969 tristes
616 2906 733 2969 misero
746 2924 863 2968 venere
878 2904 1052 2984 calendae,

234 3004 418 3069 Mercedem
432 3016 491 3069 sut
508 3023 662 3068 nummos
676 3004 765 3069 unde
779 3005 868 3068 unde
882 3005 1026 3084 extricet,
1042 3022 1170 3067 amares

234 3096 381 3168 Porrecto
391 3103 508 3187 jugulo
522 3103 672 3167 historias
688 3104 838 3187 captivus
853 3114 891 3167 ut
905 3103 1006 3167 audit

234 3204 436 3267 comminxit
450 3202 572 3267 lectum
586 3213 682 3286 potus
695 3223 852 3268 mensave
866 3203 1012 3267 catillum
1212 3203 1258 3269 90

235 3302 383 3366 Evandri
398 3302 551 3367 nmnibus
565 3303 677 3366 tritum
691 3304 824 3387 dejecit;
847 3304 889 3367 ob
903 3303 990 3365 hanc
1005 3320 1082 3380 rem,

234 3403 302 3464 Aut
315 3402 457 3484 positum
471 3412 547 3466 ante
561 3422 635 3467 mee
649 3403 728 3485 quis
741 3403 869 3486 pullum
883 3404 918 3466 in
932 3412 1021 3484 parte
1035 3401 1134 3465 catini

234 3490 542 3582 Sustulit’esuriens‚
558 3503 670 3569 minus
683 3504 745 3567 hoc
756 3501 926 3587 jucundus
940 3502 1069 3565 amicus

234 3602 285 3667 sit
298 3601 406 3665 mihil
449 3602 543 3671 Quid
558 3602 687 3684 faciem,
702 3603 731 3666 si
744 3603 869 3667 furtum
884 3601 1001 3682 fecerit,
1017 3611 1075 3665 sut
1089 3601 1116 3664 si

236 3769 276 3822 ⁷4.
294 3768 415 3835 Iunonem.
449 3769 489 3820 81.
505 3770 680 3834 trepidumque.
714 3771 755 3822 85.
767 3772 871 3821 bebecre
883 3770 1120 3828 insuevimcetbus:
1133 3766 1247 3818 odins-

586 3854 627 3903 91.
644 3861 755 3910 tortum
781 3850 909 3915 sculptum.
