2842 4342
246 338 319 411 298
570 349 622 400 nn
648 348 745 399 rurs
769 346 933 399 rorrrron

286 508 428 577 Romani
441 507 554 570 tollent
567 505 692 589 equites
705 504 895 588 peditesque
908 503 1117 567 cachinnum

288 609 433 676 Intererit
446 606 597 686 multum,
611 604 751 668 divusne
766 604 917 686 loquetur
930 623 974 666 en
988 603 1090 684 heroe,

288 709 480 772 Mutumsne
495 723 595 768 senex
609 722 653 795 eu
668 703 777 767 adhuc
792 702 924 765 florente
935 703 1073 786 juvente
1204 705 1273 767 115

289 806 458 885 Fervidus,
473 816 506 868 et
519 813 667 867 metrone
680 812 793 884 potens
806 821 850 864 en
865 798 980 864 sedule
994 800 1114 882 nutrix,

291 907 492 970 Mercatorue
505 922 612 985 vagus
625 902 770 965 cultorne
784 901 917 964 virentis
931 901 1036 983 agelli,

290 1005 434 1071 Colchus
448 1023 492 1067 eu
505 1001 668 1084 Assyrius,
684 1001 810 1064 Thebis
824 1001 964 1063 nutritus
978 1019 1023 1063 an
1036 1001 1141 1083 Argis.

290 1108 359 1170 Aut
372 1104 496 1168 semem
510 1120 651 1185 sequere,
667 1112 726 1164 eut
739 1101 801 1164 sibi
814 1100 1039 1164 convenientia
1055 1099 1152 1183 finge.

290 1204 431 1287 scriptor
443 1204 639 1266 honoratum
652 1201 680 1262 si
693 1199 775 1262 forte
789 1200 916 1282 reponis
930 1199 1101 1280 Achillem,
1206 1202 1272 1265 120

290 1304 438 1385 Impiger,
453 1299 638 1379 iracundus,
653 1299 869 1379 inexorabilis,
884 1317 966 1379 acer,

289 1403 371 1467 Jure
384 1410 479 1482 neget
493 1400 554 1462 sibi
568 1409 655 1479 neta,
670 1399 753 1462 nihil
768 1416 834 1462 non
848 1408 973 1481 arroget
986 1398 1094 1463 armis

290 1502 340 1566 Sit
354 1499 472 1565 Medea
485 1498 576 1562 ferox
590 1497 785 1580 invictoque,
801 1497 917 1561 flebilis
932 1498 1000 1578 lno,

290 1598 439 1664 Perfidus
453 1597 557 1676 Ixion,
573 1597 610 1660 lo
622 1615 717 1680 vega,
733 1597 832 1659 tristis
846 1597 984 1660 Orestes.

290 1695 420 1779 Siquid
435 1697 638 1778 inexpertum
652 1714 768 1758 scenae
782 1696 964 1775 committis,
979 1707 1012 1758 et
1026 1694 1128 1758 eudes
1208 1696 1267 1758 125
1360 1718 1365 1729 ·

291 1797 467 1861 Personam
481 1794 617 1857 formare
631 1812 761 1874 novam,
776 1805 920 1858 servetur
933 1794 976 1858 ed
990 1795 1103 1874 imum,

291 1894 412 1966 Qualis
425 1894 469 1957 el>
482 1894 608 1975 incepto
622 1895 816 1975 processerit,
831 1904 864 1957 et
877 1894 1086 1972 sibiconstet

293 1991 433 2059 Difficile
447 2002 496 2055 est
510 1991 633 2073 proprie
647 1992 835 2055 communie
849 1991 972 2055 dicere:
994 2002 1095 2075 tuque

291 2092 425 2157 Rectius
439 2091 577 2155 Iliacum
591 2110 722 2154 carmen
736 2090 870 2154 deducis
885 2093 919 2154 in
934 2101 1035 2170 actus,

291 2190 406 2259 Quem
419 2190 447 2252 si
462 2189 615 2271 proferres
629 2190 740 2272 ignota
754 2188 938 2272 iridicthne
953 2191 1084 2272 primus
1204 2190 1267 2254 130

291 2286 429 2350 Publice
443 2289 590 2351 materies
604 2288 721 2370 privati
731 2288 813 2371 juris
826 2289 893 2367 erit,
909 2290 937 2351 si

291 2385 367 2449 Non
380 2385 466 2449 circa
480 2386 579 2450 vilem
593 2386 808 2469 patulumque
822 2388 995 2451 moraberis
1009 2389 1128 2469 orbem,

292 2484 361 2548 Nec
375 2486 511 2549 verbum
526 2487 623 2549 verbo
637 2487 766 2549 curabis
780 2486 911 2550 reddere
926 2486 1013 2550 lidus

291 2584 459 2666 Interpres,
474 2604 535 2648 nec
549 2584 677 2647 desilies
692 2585 832 2648 imitator
846 2585 880 2648 in
894 2598 1010 2666 artum,

291 2681 388 2747 Unde
402 2683 519 2765 pedem
532 2683 668 2766 proferre
682 2684 786 2766 pudor
799 2695 886 2748 vetet
900 2696 958 2748 eut
971 2685 1076 2768 operis
1090 2686 1155 2750 lex.
1206 2687 1269 2751 135

291 2781 361 2845 Nec
375 2782 422 2845 sic
436 2782 578 2864 incipies,
595 2792 632 2845 ut
646 2782 779 2866 scriptor
792 2784 938 2867 cyclicus
952 2783 1048 2847 olim:

291 2881 471 2945 Fortunam
486 2881 607 2946 Priami
621 2883 762 2945 cantabo
776 2893 808 2946 et
823 2883 930 2947 nobile
943 2884 1075 2947 bellum.

291 2977 384 3048 Quid
398 2979 535 3062 dignum
549 2990 640 3044 tento
654 2978 734 3044 seret
748 2982 801 3044 hic
816 2983 987 3064 promissor
1000 2982 1118 3046 hiatui

291 3067 478 3141 Pertruiu‘nt
490 3089 625 3159 montes,
641 3090 792 3144 nuscetur
807 3080 962 3145 ridiculus
976 3101 1060 3144 mus.

291 3176 427 3245 Quanto
440 3176 559 3241 rectius
572 3178 635 3258 hic,
650 3178 708 3260 qui
723 3179 770 3242 nil
784 3180 914 3244 molitur
928 3181 1052 3264 inepte:
1205 3182 1271 3247 140

292 3279 310 3314 “
319 3275 381 3340 Dic
396 3275 485 3358 mihi,
501 3276 608 3358 Mure,
624 3278 740 3357 visiun,
756 3289 870 3362 ceptae
884 3292 956 3362 post
970 3292 1113 3363 tempore
1127 3280 1249 3367 Trojae

291 3373 361 3442 uui
375 3392 479 3437 mores
493 3375 664 3440 hominurn
678 3376 856 3466 multorum
871 3379 952 3442 vidit
965 3389 997 3441 et
1012 3380 1134 3442 urbes.'’

290 3468 365 3534 Non
378 3470 509 3536 fumum
522 3492 565 3537 ex
579 3472 711 3558 fulgore,
728 3474 786 3539 sed
800 3495 842 3540 ex
857 3477 950 3541 fumo
962 3477 1039 3541 dere
1053 3477 1161 3541 lucem

290 3567 428 3650 Cogitet,
444 3581 482 3634 ut
495 3573 640 3654 speciose
654 3572 772 3639 dehinc
787 3575 945 3640 miracula
958 3586 1091 3659 promat,

311 3796 365 3847 nr.
382 3794 504 3848 navum.
572 3801 628 3858 us,
641 3802 697 3852 rso.
715 3801 914 3868 nasorum.
983 3807 1038 3857 no.
1054 3804 1200 3856 nmmo
