2842 4342
534 374 693 426 maan
743 376 836 428 an
1120 356 1191 435 llo

172 532 308 613 decidit,
323 543 362 596 ut
375 529 512 614 quidam
525 541 623 595 testas
636 531 850 615 caudamque
858 533 1000 597 salacem
1150 534 1193 599 45

171 635 357 699 Demeteret
371 630 461 694 ferro.
505 630 525 695 J
526 649 584 695 ure
597 650 730 714 omnes3
754 632 860 695 Galba
874 633 1024 715 negabat

171 734 293 798 Tutior
306 742 341 796 at
354 740 478 813 quanto
491 749 584 794 merx
598 742 648 794 est
661 732 696 795 in
710 731 816 794 alasse
830 732 983 813 secunda,

173 833 415 897 libertinarum
428 829 509 909 dieo,
524 829 701 895 Sallustius
716 831 751 894 in
765 849 848 912 quas

174 932 252 997 Non
267 931 378 1001 minus
392 929 521 1011 insanit,
535 948 637 1011 quam
651 929 709 1011 qui
723 929 930 993 moechatur:
953 941 988 993 at
1001 930 1106 1012 diesi,
1216 1006 1219 1013 ¹

176 1033 332 1109 Quareu,
347 1047 416 1111 qua
429 1028 509 1093 ratio
523 1027 673 1092 suaderet
687 1047 819 1110 quaque
834 1028 978 1093 modeste
1155 1032 1197 1095 50

177 1129 337 1195 Mnulfieo
350 1146 422 1192 esrae
435 1127 518 1207 lieet,
533 1127 631 1191 vellet
645 1128 750 1191 bonus
764 1137 862 1210 atque
876 1128 1037 1212 benignus

176 1229 271 1310 Esse,
285 1227 376 1291 daret
389 1235 552 1309 quantum
566 1226 646 1290 satis
659 1236 818 1291 essetnec
832 1227 894 1291 sibi
907 1226 1029 1292 damno

177 1327 403 1410 Dedecorique
416 1324 504 1390 forat.
548 1326 670 1390 Verum
683 1326 747 1390 hoe
761 1346 796 1389 se
809 1327 1015 1410 amplectitur
1028 1347 1102 1409 uno,

179 1428 253 1491 Hoe
267 1436 357 1491 amat
370 1436 403 1491 et
417 1425 550 1491 laudatt
572 1425 758 1490 Matronam
771 1426 898 1489 nullam
911 1445 971 1510 ego
986 1437 1103 1511 tango:

180 1524 407 1609 thnondam
421 1525 599 1604 Marsaeus,
614 1533 741 1588 amator
754 1525 896 1608 Originis
911 1525 974 1606 ille,
1157 1527 1199 1590 55

76 1680 83 1689 .
177 1627 250 1696 Qui
264 1625 405 1707 patrium
418 1624 538 1688 mimae
552 1622 652 1687 donat
665 1622 871 1705 fundumque
885 1624 1060 1705 laremque,

178 1723 235 1789 Nil
250 1722 345 1787 fuerit
358 1735 413 1802 rm,
428 1722 541 1804 inquit,
556 1740 633 1786 eum
648 1723 803 1786 uxoribus
818 1740 966 1804 unquam
980 1722 1104 1786 alienis.

182 1822 305 1886 Verum
320 1832 370 1884 est
383 1841 461 1887 curn
474 1821 591 1901 mimis,
606 1832 748 1886 osteum
762 1822 991 1901 meretricibus,
1007 1822 1095 1885 unde

181 1921 289 1984 Fama
302 1920 429 1983 malum
443 1920 574 2002 gravius
588 1939 690 2010 quam
703 1939 755 1983 res
767 1919 872 1983 trahit„
917 1920 971 1984 An
986 1921 1042 1984 tibi
1057 1918 1187 1984 abunde

180 2019 358 2083 Personam
372 2020 451 2082 satu
464 2028 521 2099 eat,
536 2037 604 2083 nou
617 2019 710 2100 illud,
726 2017 887 2101 quidquid
904 2020 1025 2103 ubique
1160 2019 1202 2083 60

179 2117 300 2197 Offieig
315 2118 457 2182 evitarel
500 2118 627 2182 Bonam
641 2117 810 2202 deperdere
825 2117 957 2198 famam,

180 2218 266 2281 Rem
279 2217 378 2299 patris
391 2216 555 2297 oblimare,
567 2216 693 2280 malum
703 2228 753 2281 est
768 2218 913 2300 ubicunq
917 2236 965 2281 ue.
998 2217 1092 2289 Quid
1106 2217 1200 2282 inter·

180 2326 230 2379 em
245 2316 281 2378 in
294 2324 449 2395 matrona,
465 2315 585 2379 aneilla
599 2334 753 2398 peeeesne
768 2316 900 2399 togatal

181 2413 299 2476 Villius
314 2413 350 2476 in
364 2414 491 2477 Fausta
504 2413 618 2479 Sullae
632 2434 737 2498 gener,
753 2416 816 2479 hoe
829 2415 927 2479 miser
940 2435 1006 2480 uno

183 2511 324 2576 Nomine
336 2511 499 2596 deeeptus,
514 2532 637 2596 poenas
651 2513 858 2596 deditusque
872 2534 1032 2597 superque
1158 2514 1201 2578 65

182 2612 298 2681 Quam
313 2612 391 2674 satis
405 2621 463 2691 est,
478 2612 598 2694 pugnis
611 2631 728 2676 caesus
742 2612 887 2694 ferroque
902 2614 1030 2696 petitus,

182 2708 353 2772 Exclusns
366 2707 441 2790 fore,
456 2729 534 2773 cum
547 2709 760 2793 Longarenus
774 2709 854 2775 foret
868 2712 966 2775 intus,

181 2807 271 2872 Huic
285 2808 315 2870 si
328 2809 472 2872 mutonis
485 2809 591 2872 verbis
605 2809 695 2872 mala
707 2820 800 2874 tanta
813 2810 952 2874 videntis

183 2906 313 2970 Diceret
327 2907 408 2970 haee
423 2908 572 2972 animus:
595 2909 688 2979 Quid
699 2910 750 2973 vis
761 2910 844 2973 tibi?
876 2907 1035 2991 Nunquid
1049 2926 1110 2991 ego
1123 2927 1144 2970 a
1158 2916 1190 2970 te

183 3005 307 3088 Magno
321 3017 514 3088 prognatum
529 3006 667 3090 deposco
680 3008 815 3072 consule
829 3027 978 3072 cunnum
1160 3006 1204 3070 70

183 3104 401 3187 velatumque
415 3105 506 3186 stola,
521 3124 597 3170 mea
610 3126 688 3171 cum
702 3106 882 3172 conferbuit
896 3107 967 3171 ital

182 3204 278 3273 Quid
291 3203 520 3286 responderet?
563 3206 686 3289 Magno
700 3217 789 3290 patre
804 3217 883 3270 nata
897 3205 1006 3290 puella
1019 3214 1077 3270 est.

183 3303 230 3366 At
241 3314 366 3385 quanto
379 3303 512 3369 meliora
525 3317 636 3370 monet
649 3306 894 3389 pugnantiaque
909 3306 978 3369 istis

184 3402 287 3464 Dives
301 3402 371 3484 opis
386 3415 504 3469 natiue
517 3424 606 3485 sune,
621 3414 658 3469 tu
673 3405 812 3469 simodo
826 3415 909 3468 reete

184 3500 381 3584 Dispensare
396 3503 477 3567 velis
492 3524 531 3567 ae
545 3524 611 3568 non
625 3504 782 3588 fugienda
796 3503 942 3587 petendis
1162 3504 1205 3568 75

184 3597 380 3664 Immisoere.
424 3601 503 3666 'l'uo
516 3604 596 3667 vitio
602 3623 759 3689 ‚rerumne
776 3603 910 3683 labores,

312 3768 801 3827 ⁴⁵,46.ouimm-1>emeoeretsemm.
868 3774 909 3823 51.
927 3769 1078 3823 Munifienm.

357 3848 571 3903 “Abolenda
637 3851 677 3903 63.
695 3868 819 3914 paeones.
885 3853 1042 3905 desidere.
