2842 4342
431 358 437 367 '
519 380 694 434 murm
744 383 828 434 ar
1105 365 1175 438 285

196 538 311 619 Irritat,
327 537 457 619 mulcet,
473 537 564 603 falsis
578 540 749 605 terroribus
763 538 882 623 implet,

196 639 241 705 Ut
254 658 382 721 magus,
397 648 429 702 et
443 638 539 703 modo
553 658 606 705 me
620 639 756 719 Thebis,
772 638 867 703 modo
881 640 971 722 ponit
985 641 1131 706 Athenis.

196 737 319 803 Verum
334 758 403 822 ege,
418 738 525 819 ethis,
540 739 598 821 qui
613 758 649 802 se
664 739 773 803 lectori
787 738 915 802 eredere
930 739 1067 825 malunt,

196 840 313 909 Quam
327 838 513 921 spectatoris
526 837 658 902 fastidia
672 836 753 902 ferre
768 839 908 922 superbi,
1110 842 1175 905 215

196 938 321 1003 Curam
334 936 432 1001 redde
448 937 586 1019 brevem,
602 938 630 1001 si
644 957 768 1001 munus
782 938 932 1020 Apolline
946 938 1084 1022 dignum

196 1035 255 1101 vis
269 1035 428 1118 complere
442 1035 539 1116 libris,
555 1046 588 1099 et
601 1036 732 1100 vatibus
746 1036 865 1101 addere
879 1036 987 1101 calcar

196 1136 243 1201 Ut
257 1134 365 1198 studio
378 1137 497 1219 majore
512 1144 624 1218 petant
637 1135 796 1200 Helicona
809 1137 976 1201 virentem.

196 1234 305 1300 Multa
318 1234 451 1318 quidem
465 1235 558 1299 nobis
573 1232 713 1299 facimus
727 1235 816 1299 mala
830 1256 926 1320 saepe
941 1246 1105 1319 poetae,-

196 1334 243 1399 Ut
256 1333 367 1397 vineta
380 1344 507 1416 egomet
519 1332 657 1398 caedam
670 1353 863 1399 mea-cum
878 1335 1069 1399 tibilibrum
1110 1334 1175 1399 22⁰

196 1432 341 1499 Sollicito
354 1432 473 1497 damus
488 1443 546 1497 aut
560 1432 663 1515 fesso3
685 1453 764 1498 eum
779 1432 946 1515 laedimur,
962 1454 1067 1499 unum

196 1533 233 1597 si
247 1533 322 1615 quis
336 1533 515 1597 amicorum
528 1542 579 1596 est
592 1552 693 1596 ausus
708 1533 937 1616 reprehendere
952 1553 1102 1615 versum3

197 1633 285 1697 Cum
299 1632 371 1698 loca
380 1633 451 1717 jam
463 1627 596 1697 reciteita
610 1632 809 1697 revolvimus
823 1633 1010 1715 irrevocati3

198 1733 285 1797 Cum
299 1731 524 1812 lamentamur,
540 1751 606 1797 non
621 1752 774 1816 apparere
789 1731 915 1796 labores
1003 1768 1007 1774 ·

197 1831 340 1911 Nostros,
355 1841 388 1894 et
402 1833 491 1895 tenui
505 1830 647 1895 deducte
660 1839 810 1913 poemata
826 1829 899 1904 filo;
1111 1830 1176 1896 225

196 1932 285 1996 Cum
299 1949 474 2013 speramrm,
489 1949 527 1993 eo
540 1949 609 1994 rem
624 1939 806 2008 venturam,
822 1938 867 2008 ut,
879 1928 978 1992 simul
992 1938 1090 2013 etque

196 2029 353 2094 Carmina
367 2029 509 2093 rescieris
522 2048 583 2092 nos
598 2027 729 2112 fingere,
744 2026 935 2091 commodus
949 2028 1033 2092 ultro

197 2129 362 2209 Arcessas,
377 2138 409 2191 et
423 2147 515 2211 egere
530 2137 628 2208 vetes,
643 2137 675 2191 et
690 2127 825 2191 seribere
839 2147 947 2211 cogas.

197 2228 265 2293 Sed
280 2237 389 2291 tamen
403 2237 452 2290 est
466 2246 580 2309 operae
594 2227 733 2310 pretium
747 2245 947 2309 cognoscere,
962 2226 1076 2309 quales

197 2325 355 2390 Aedituus
370 2326 489 2390 habeat
503 2325 579 2389 belli
595 2335 738 2408 spectata
752 2324 904 2409 domique
1110 2324 1176 2390 230

197 2425 317 2505 Virtus,
333 2423 466 2507 indigno
479 2444 546 2488 non
560 2423 792 2489 committenda
805 2435 925 2507 poetae.

198 2524 319 2588 Gratus
334 2522 522 2588 Alexandro
536 2524 603 2607 regi
618 2524 740 2606 Magno
754 2522 818 2587 fuit
831 2522 884 2586 ille

197 2623 377 2704 Choerilus,
393 2623 524 2687 incultis
537 2624 595 2705 qui
609 2623 756 2687 versibus
770 2632 803 2686 et
817 2623 902 2686 male
917 2623 1002 2685 natis

198 2722 324 2787 Retulit
338 2734 495 2805 acceptos,
510 2722 617 2805 regale
632 2722 803 2801 nomisma,
818 2721 994 2804 Philippos.

198 2820 274 2901 Sed,
289 2822 391 2886 veluti
406 2831 542 2885 tractata
556 2832 668 2885 notam
681 2820 854 2902 labemque
869 2820 1036 2882 remittunt
1111 2816 1176 2883 235

197 2920 397 3001 stramenta,
412 2920 478 2984 fere
493 2920 659 3003 scriptores
674 2918 816 2983 camnine
832 2916 925 2980 foedo

199 3018 378 3103 Splendida
392 3019 479 3083 faeta
493 3020 608 3083 linunt
653 3018 746 3082 Idem
761 3037 817 3080 rex
833 3015 895 3095 ille,
911 3035 1025 3099 poema

199 3119 270 3189 Qui
285 3130 354 3182 tam
368 3118 542 3183 ridiculum
557 3129 625 3182 tam
638 3137 712 3181 care
726 3116 879 3200 prodigus
892 3115 979 3195 emit,

200 3217 318 3282 Edicto
331 3218 443 3297 vetuit,
459 3218 588 3299 nequis
603 3237 637 3280 se
653 3227 776 3299 praeter
790 3216 938 3299 Apellem

199 3316 358 3400 Pingeret,
374 3327 430 3380 aut
445 3316 531 3379 alius
546 3314 689 3399 Lysippo
704 3314 835 3378 duceret
849 3326 925 3377 aera
1112 3313 1178 3380 240

200 3416 306 3480 Fortis
321 3414 500 3479 Alexandri
515 3414 645 3478 vultum
660 3414 857 3477 simulantia.
900 3410 1029 3483 Quodsi

199 3513 367 3578 Judieium
381 3514 499 3578 subtile
513 3512 664 3577 ridendis
678 3514 801 3577 artibus
816 3511 896 3576 illud

200 3613 251 3677 Ad
266 3613 363 3677 libros
378 3624 411 3676 et
425 3612 469 3676 ed
483 3613 564 3679 haec
580 3612 752 3676 Musarum
766 3611 852 3675 dona
866 3630 1007 3692 vocares,

200 3711 357 3776 Boeotum
371 3713 406 3776 in
419 3731 528 3775 crasso
537 3713 662 3796 jrrrares
676 3723 749 3774 aere
763 3722 887 3774 natum.

201 3812 244 3875 At
257 3831 364 3895 neque
378 3811 573 3875 dedecorant
587 3820 644 3873 tua
659 3809 699 3873 de
714 3830 749 3872 se
760 3809 884 3892 judicia
898 3820 996 3890 etque
1113 3808 1177 3873 245
