2842 4342
495 356 607 408 mun
628 358 669 408 11.
717 358 746 408 e
771 359 820 408 1v.
1094 341 1166 411 225

190 514 268 580 Non
281 514 371 598 prius
378 522 502 577 exacta
515 513 605 578 tenui
618 514 740 578 ratione
754 533 914 597 saporum.

190 615 262 679 Nec
276 614 355 678 satis
370 623 420 677 est
432 632 509 677 cara
522 614 628 697 pisces
641 624 785 677 avertere
799 634 921 697 mensa,

190 715 349 798 lgnanrm
362 714 483 796 quibus
495 723 545 776 eet
553 714 609 797 jus
623 714 740 797 aptius,
755 724 788 777 et
801 715 920 797 quibus
934 715 1017 780 assis

190 812 387 897 Languidus
400 813 435 876 iu
449 813 597 877 cubitum
607 814 678 897 jam
692 833 727 875 sc
742 814 881 877 conviva
893 826 1031 898 reponet

190 912 314 977 Umber
326 923 359 976 et
372 912 474 996 iligna
487 913 628 977 nutritus
642 913 761 996 glaude
776 913 932 977 rotundas
1122 915 1167 979 to
1207 904 1210 909 ⁴

189 1014 317 1076 Currat
331 1032 408 1095 aper
420 1012 532 1076 lances
544 1031 677 1077 caruem
690 1013 824 1077 vitantis
839 1014 992 1077 inertem:

190 1112 280 1176 Nam
293 1112 440 1175 lauaem
454 1111 563 1175 malus
576 1122 635 1193 est,
649 1111 737 1176 ulvis
751 1123 783 1177 et
796 1113 956 1177 arundine
970 1114 1107 1198 pinguis.

190 1211 295 1279 Vinea
309 1210 469 1275 submittit
481 1230 615 1294 capreas
628 1230 695 1276 uon
709 1231 834 1295 semper
847 1211 969 1276 edules

192 1309 371 1375 Fecundae
385 1310 500 1392 leporis
517 1310 647 1393 sapiens
661 1312 835 1375 sectabitur
847 1331 963 1375 armos

191 1409 341 1473 Piscibus
355 1419 454 1491 atque
468 1410 586 1474 avibus
600 1428 684 1492 quae
698 1419 816 1474 natum
829 1421 862 1474 et
875 1410 955 1475 foret
968 1421 1067 1493 aetas,
1124 1412 1167 1477 45

190 1510 276 1573 Ante
290 1528 402 1573 meum
415 1508 498 1572 uulli
512 1510 618 1592 putuit
630 1509 778 1591 quaesita
791 1510 947 1593 palatum.
1130 1594 1133 1598 Δ

190 1609 277 1673 Sunt
287 1627 426 1691 quorum
439 1608 609 1691 ingenium
622 1628 708 1673 nova
723 1620 851 1673 tantum
865 1610 1010 1674 crustula
1023 1610 1147 1694 promit

191 1708 410 1790 Nequaquam
424 1709 504 1771 satis
517 1708 552 1772 in
565 1727 600 1772 re
614 1726 682 1771 una
694 1727 885 1772 consumere
899 1728 1030 1790 curam3

191 1807 237 1872 Ut
252 1809 279 1872 si
293 1808 367 1891 quis
381 1808 489 1871 solum
502 1807 572 1887 hoc,
587 1807 677 1871 mala
690 1826 733 1871 ne
748 1807 813 1869 siut
826 1808 913 1887 vina,
929 1806 1057 1887 laboret,

189 1898 295 1978 Quali
309 1906 481 1991 perfundat
494 1907 599 1989 pisces
613 1925 747 1971 securus
761 1905 856 1969 olivo.
1122 1907 1164 1970 60
1287 1904 1298 1911 “

191 2006 335 2071 Massica
349 2007 376 2071 si
389 2006 479 2070 coelo
492 2025 654 2089 suppones
668 2006 748 2069 vina
761 2023 881 2086 sereno,

191 2104 369 2186 Nocturna,
384 2104 506 2188 siquid
519 2105 619 2169 crassi
632 2115 690 2186 est,
706 2105 891 2169 tenuabitur
903 2124 993 2187 aura,

190 2205 237 2269 Et
251 2204 384 2269 decedet
396 2204 475 2268 odor
488 2206 596 2269 nervis
610 2205 781 2288 inimicus3
804 2216 839 2269 at
852 2205 909 2269 illa

188 2305 358 2388 Integruru
371 2303 510 2388 perdunt
523 2303 591 2368 lino
606 2304 721 2368 vitiata
735 2323 890 2388 saporem

189 2405 380 2469 Surrentina
394 2402 485 2469 vafer
498 2404 558 2487 qui
571 2404 686 2468 miscet
699 2403 789 2468 faece
804 2404 945 2468 Falerna
1122 2404 1165 2467 55

190 2503 285 2584 Vina,
300 2503 486 2569 columbino
500 2504 617 2568 limum
630 2504 714 2568 bene
726 2503 847 2587 colligit
860 2522 931 2584 ovo,

190 2604 367 2674 Quatenus
380 2604 448 2667 ima
460 2604 540 2686 petit
552 2602 688 2666 volvens
701 2602 811 2666 aliena
824 2602 964 2667 vitellus.

189 2702 303 2766 Tomis
316 2713 515 2766 marcentem
528 2701 656 2784 squillis
669 2703 826 2766 recreabis
840 2712 872 2765 et
886 2700 966 2765 Afra

190 2803 339 2866 Peterem
353 2801 503 2865 cochlea:
525 2820 605 2866 nam
618 2801 747 2866 lactuca
761 2802 888 2865 innatat
901 2801 967 2864 acri

190 2901 268 2966 Post
282 2901 398 2965 vinum
412 2900 594 2982 stomach03
610 2920 710 2984 perna
724 2900 829 2983 magis
843 2919 883 2962 ac
896 2899 1002 2982 magis
1017 2898 1106 2964 hillis
1122 2899 1165 2963 60

126 3000 136 3023 ⁸
191 3000 337 3085 flagitat
349 3001 522 3064 immotsus
534 2999 642 3081 refici3
665 3000 746 3082 quin
760 2999 871 3063 omnia
885 2997 986 3079 malit,

190 3101 419 3182 Quaecunque
432 3098 612 3165 morandis
626 3098 751 3163 fervent
765 3099 865 3163 allata
878 3099 1014 3182 popiola

190 3198 254 3263 Est
266 3218 382 3282 operae
395 3200 542 3282 pretium,
557 3197 698 3281 duplicis
711 3217 897 3281 pernoscere
906 3197 988 3282 juris

190 3298 361 3365 Naturam
403 3297 551 3381 Simplex
565 3317 584 3361 e
598 3296 686 3361 dulci
700 3307 828 3360 constat
840 3296 934 3376 olivo,

191 3397 290 3468 Quod
307 3397 421 3480 pingui
435 3398 570 3461 miscere
583 3416 671 3461 mero
686 3397 856 3478 muriaque
869 3394 994 3460 decebit
1123 3396 1166 3461 65

190 3496 265 3561 Non
279 3496 355 3577 alia,
369 3515 472 3580 quam
484 3516 553 3580 qua
565 3497 727 3580 Byzantia
741 3495 848 3578 putuit
862 3514 946 3561 orca.

235 3741 407 3793 tunm.
473 3742 623 3793 tamma
687 3742 857 3794 4⁴.qu
922 3742 1078 3794 tameat.

153 3821 336 3887 timpum
403 3819 1166 3890 ar.iaaomr;immm,demj.;mmefn;auua

632 3914 688 3977 10·
