2842 4342
516 306 691 358 mmm
741 307 874 359 nnv.

545 604 726 668 OABMEN
753 604 842 668 xlv.

499 818 558 862 An
594 818 882 864 POSTUMUM·

344 1011 440 1076 Eheu
454 1009 595 1094 fugaces,
610 1010 772 1091 Postume,
788 1010 949 1093 Postume,

343 1108 512 1174 Labuntur
525 1108 613 1190 anni,
628 1128 689 1172 nec
703 1111 806 1193 pietas
820 1128 944 1174 moram

383 1207 489 1291 nugis
503 1217 536 1272 et
549 1208 683 1272 instanti
697 1218 847 1273 senectae

424 1308 544 1372 efferet
557 1306 798 1392 indomitaeque
811 1307 922 1391 morti3

342 1505 424 1586 Nou,
440 1506 468 1570 si
482 1506 626 1586 trecenis,
641 1515 800 1589 quotquot
813 1515 892 1571 eunt
905 1505 983 1587 dies,

342 1606 463 1686 Amice,
478 1606 586 1688 places
600 1605 856 1671 illacrimabilem

383 1705 523 1770 Plutona
536 1705 644 1785 tauris,
659 1705 717 1787 qui
732 1714 779 1768 ter
792 1705 939 1788 amplum

424 1805 595 1888 Geryonen
610 1804 801 1887 Tityonque
816 1804 897 1868 tristi

343 2002 525 2085 compescit
539 2002 637 2082 unda,
652 2003 775 2066 scilieet
786 2002 946 2084 omnibus,

342 2102 541 2183 Quicunque
555 2112 655 2165 terrae
669 2120 803 2165 munere
816 2102 985 2184 vescimur,

383 2199 610 2284 Enavigande,
625 2199 693 2264 sive
707 2219 799 2283 reges

423 2298 501 2365 Sive
514 2299 626 2381 inopes
639 2299 760 2363 erimus
774 2298 888 2364 coloni.

341 2494 476 2559 Frustra
489 2506 622 2559 cruento
637 2494 742 2559 Marte
755 2496 936 2561 carebimus

341 2594 529 2676 Fractisque
544 2594 635 2657 rauci
648 2593 801 2659 fluctibus
814 2595 965 2677 Hadriae,

383 2692 516 2757 Frustra
528 2711 585 2775 per
598 2704 774 2757 autumnos
787 2690 958 2759 nocentem

424 2791 615 2876 Corporibus
628 2802 812 2857 metuemus
825 2794 1001 2858 Austrum:

341 2988 501 3054 Visendus
514 3000 582 3053 ater
595 2989 730 3054 flumine
744 2989 899 3074 languido

340 3088 478 3171 Cocytos
491 3108 601 3153 errans
614 3099 647 3152 et
660 3089 770 3153 Danai
784 3108 887 3173 genus

381 3187 507 3253 Inrame
521 3188 762 3271 damnatusque
777 3189 865 3272 longi

423 3288 585 3372 Sisyphus
599 3288 749 3353 Aeolides
763 3288 889 3353 laboris.

340 3484 536 3567 linquenda
549 3485 646 3550 tellus
659 3496 692 3549 et
705 3486 823 3550 domus
837 3495 870 3549 et
883 3486 1015 3570 placem

341 3583 439 3666 Uxor,
453 3604 559 3669 neque
573 3586 700 3671 henim,
714 3602 797 3667 quus
810 3584 897 3668 colis,
909 3588 1058 3652 arborum

250 3765 529 3829 camussia.
595 3771 886 3832 assumemus
954 3770 1123 3834 tecm
1154 3752 1158 3759 ’
