2842 4342
271 346 343 419 264
650 363 905 416 unumunurn

269 521 397 589 Stultus
412 529 545 602 uterque
559 518 669 584 locum
683 520 881 586 immeritum
895 533 1049 588 causatur
1062 525 1192 608 inique:

269 624 308 687 In
322 621 419 705 culpa
433 629 481 683 est
495 619 635 699 animm,
650 620 708 701 qui
723 640 757 683 se
772 639 842 685 non·
852 622 966 706 effugit
980 642 1137 707 unquam

267 724 325 789 'I'u
339 719 552 785 mediastinus
568 719 666 783 tacita
680 739 773 803 prece
787 740 863 784 rura
876 723 1018 804 petebas,

268 823 365 887 Nunc
379 821 492 884 urbem
506 829 539 882 et
552 817 647 882 ludos
661 830 694 883 et
708 820 825 883 balnea
840 821 969 885 villicus
983 832 1093 905 optas;
1241 825 1277 888 15

268 922 322 987 Me
336 929 481 985 constare
496 918 577 982 mibi
592 920 664 999 scis,
679 929 711 982 et
726 917 889 984 discedere
905 922 1036 1001 tristem,

267 1019 541 1102 Quandocunque
556 1018 690 1082 trahunt
704 1019 811 1083 invisa
825 1022 956 1103 negotia
969 1021 1118 1086 Romam.

266 1123 341 1188 Nou
355 1120 468 1185 eadem
482 1119 655 1200 miramur3
678 1138 717 1182 eo
731 1119 932 1184 disconvenit
946 1121 1028 1185 inter

267 1223 386 1304 Meque
400 1230 432 1284 et
446 1231 495 1284 te:
517 1238 604 1298 nam,
619 1238 704 1301 quae
719 1218 845 1283 deserta
858 1230 890 1283 et
904 1220 1067 1304 inhospita
1081 1230 1197 1303 tesqua

266 1320 387 1400 Credis,
402 1338 540 1382 amoena
554 1328 658 1398 vocat,
674 1337 804 1383 mecum
818 1320 875 1401 qui
890 1321 997 1402 sentit,
1012 1330 1045 1384 et
1057 1319 1132 1402 odit,
1238 1320 1276 1384 2⁰

266 1422 363 1491 Quae
378 1429 415 1483 tu
428 1417 565 1502 pulchra
578 1428 684 1499 putas.
728 1419 853 1482 Fornix
868 1419 926 1483 tibi
939 1430 972 1483 et
986 1430 1087 1485 uncta
1100 1421 1220 1504 popina

266 1519 434 1585 Incutiunt
447 1516 535 1580 urbis
549 1515 755 1598 desiderium,
769 1517 873 1599 video,
888 1528 921 1582 et
934 1518 1023 1602 quod

266 1620 418 1704 Angulus
433 1618 492 1682 iste
507 1616 586 1681 ieret
599 1617 689 1700 piper
702 1627 735 1682 et
749 1618 826 1682 thus
840 1620 931 1683 ocius
945 1637 1030 1701 uva3

266 1720 335 1785 Nec
349 1718 457 1782 vicina
471 1717 582 1781 subest
595 1716 713 1780 vinum
727 1717 876 1800 praebere
891 1717 1025 1781 taberna

265 1821 364 1891 Quae
377 1817 477 1902 possit
491 1817 556 1897 tibi,
572 1835 632 1880 nec
646 1816 798 1880 meretrix
813 1808 1063 1900 tibicina'cujus
1235 1814 1275 1879 25

265 1918 317 1982 Ad
332 1918 501 2002 strepitum
514 1916 613 1980 salias
627 1924 729 2000 terrae
743 1915 870 1999 gravis:
892 1926 925 1979 et
939 1927 1049 1987 tamen
1064 1933 1161 1998 urges

264 2017 465 2100 Jampridem
479 2034 544 2080 non
560 2025 647 2079 tacta
661 2013 824 2098 ligonibus
839 2034 926 2096 arva,
942 2016 1123 2097 bovemque

265 2116 474 2199 Disjunctum
487 2135 584 2179 curas
598 2125 630 2179 et
644 2115 762 2179 strictis
776 2114 943 2179 frondibus
957 2114 1087 2199 exples3

264 2214 365 2278 Addit
377 2234 460 2298 opus
474 2215 564 2298 pigro
578 2215 676 2295 rivus,
692 2215 721 2277 si
735 2213 854 2278 decidit
868 2215 977 2296 imber,

264 2313 371 2377 Multa
385 2312 469 2378 mole
484 2312 649 2377 docendus
664 2314 773 2396 aprico
786 2333 915 2398 parcere
930 2324 1028 2397 prato.
1237 2310 1276 2375 30

174 2468 177 2475 «
263 2411 372 2495 Nunc,
387 2433 456 2496 age,
471 2413 552 2496 quid
566 2422 713 2477 nostrum
727 2424 922 2477 concentum
936 2411 1068 2493 dividat,
1084 2411 1172 2476 audi.

262 2513 376 2584 Quem
390 2525 504 2577 tenues
518 2512 653 2576 decuere
668 2523 763 2595 togae
777 2513 935 2596 nitidique
948 2512 1065 2596 capilli,

264 2612 377 2683 Quem
390 2614 454 2676 scis
468 2612 647 2676 immunem
662 2612 801 2676 Cinarae
815 2612 975 2693 placuisse
990 2611 1107 2693 rapaci,

263 2714 376 2781 Quem
388 2712 538 2776 bibulum
553 2710 668 2794 liquidi
682 2710 792 2775 media
806 2710 847 2774 de
862 2710 935 2774 luce
950 2710 1090 2789 Falerni,

263 2812 375 2876 Coena
389 2812 493 2876 brevis
502 2813 598 2896 juvat
611 2821 644 2875 et
657 2830 754 2895 pmpe
768 2811 877 2875 rivum
891 2829 1026 2874 somnus
1040 2810 1075 2873 in
1089 2808 1210 2890 herba3
1237 2804 1278 2869 35

263 2910 333 2976 Nec
347 2911 463 2975 lusisse
477 2910 584 2995 pudet,
600 2909 738 2974 sednon
752 2909 891 2973 incidere
905 2907 1031 2973 ludum.

262 3010 338 3076 Non
351 3010 423 3075 istic
437 3009 568 3093 obliquo
582 3010 676 3074 oculo
690 3029 765 3074 mea
779 3009 950 3073 commoda
964 3008 1142 3091 quisquam

262 3109 380 3191 Limat,
395 3129 462 3173 non
475 3109 549 3173 odio
563 3110 699 3174 obscuro
714 3129 887 3192 morsuque
903 3118 1061 3189 venenat;

262 3209 383 3274 Rident
396 3209 496 3275 vicini
510 3210 621 3292 glebas
636 3219 668 3272 et
683 3230 766 3273 saxa
780 3219 975 3272 moventem.

263 3309 351 3374 Cum
365 3311 465 3373 servis
480 3311 606 3375 urbana
621 3308 723 3373 diaria
737 3309 846 3372 rodere
862 3308 985 3389 mavis3
1240 3299 1282 3365 to

264 3408 390 3473 Homm
404 3420 440 3473 tu
455 3411 490 3473 in
503 3428 676 3475 numerum
691 3418 765 3472 voto
780 3409 865 3489 ruis;
890 3407 1014 3471 invidet
1028 3422 1128 3467 usum

263 3506 441 3589 Lignorum
455 3518 487 3572 et
500 3509 622 3591 pecoris
638 3508 695 3571 tibi
710 3507 782 3570 calo
796 3516 932 3589 argutus
946 3514 978 3567 et
992 3502 1087 3567 horti.

263 3605 363 3688 Optat
377 3607 529 3689 ephippia
542 3610 599 3673 bos
614 3609 709 3691 piger,
725 3616 816 3690 optat
829 3625 920 3669 arare
934 3602 1090 3667 caballus.

263 3706 378 3777 Quam
392 3706 452 3769 scit
467 3715 609 3790 uterque,
626 3708 738 3789 libens,
754 3705 900 3785 censebo,
916 3711 1066 3769 exerceat
1080 3710 1194 3767 artem.
