2842 4342
513 289 624 342 mua
648 294 701 346 ua
752 300 781 350 o.
806 302 912 357 xxrv.
1142 299 1213 370 100

348 438 378 502 N
380 459 423 503 on
437 445 547 507 mortis
562 446 687 529 laqueis
710 456 861 537 expedies
875 475 981 546 eaput

306 536 510 620 Campestres
523 545 640 610 melius
654 549 806 635 Scythae,

346 635 498 706 Quorum
512 640 657 724 plaustra
671 666 773 733 vagas
787 655 845 719 rite
861 660 993 727 trahunt
1006 665 1126 749 domos,
1173 673 1212 734 10

306 731 428 798 Vivuut
441 745 474 799 et
487 738 582 822 rigidi
597 744 706 827 Getae,

345 830 518 899 Immetata
532 840 651 920 quibus
661 846 777 929 jugera
791 851 908 919 liberas
989 886 993 896 ·

303 928 428 1012 Fruges
441 942 475 996 et
489 935 636 1003 Cererem
650 941 765 1027 ferunt,

343 1025 412 1091 Neo
426 1030 554 1097 cultura
567 1036 674 1119 placet
688 1042 811 1128 longior
824 1069 943 1133 annua,

302 1122 566 1214 Defunctumque
581 1135 743 1205 laboribus

342 1223 481 1307 Aequali
495 1245 616 1298 recreat
627 1248 711 1302 sorte
726 1243 874 1310 vicarius.

299 1317 370 1383 lllie
384 1334 486 1389 matre
500 1334 683 1400 carentibus

339 1617 476 1704 conjux,
492 1644 552 1689 nec
566 1630 668 1695 nitido
682 1632 755 1700 fidit
767 1639 921 1708 adultero.
1160 1658 1203 1721 20

299 1712 366 1777 Dos
380 1728 429 1782 est
442 1739 563 1806 magna
577 1733 760 1810 parentium

339 1814 446 1881 Virtus
460 1832 493 1884 et
507 1836 655 1893 metuens
669 1832 801 1905 alterius
816 1839 875 1904 viri

295 1910 389 1976 Certo
402 1915 529 1986 foedere
542 1928 683 2011 castitas,

336 2011 381 2075 Et
393 2034 525 2097 peceare
538 2024 639 2107 nefas,
655 2040 714 2095 aut
726 2036 865 2115 pretium
878 2053 928 2106 est
941 2048 1030 2111 mori.

293 2107 486 2196 Oquisquls
499 2121 718 2210 voletimpias
1155 2153 1198 2218 26

334 2208 459 2276 Caedes
473 2225 505 2279 et
518 2221 641 2302 rabiem
654 2227 764 2294 tollere
778 2234 924 2321 civicam,

292 2305 328 2370 Si
341 2323 474 2390 quaeret
487 2316 584 2383 Pater
597 2325 727 2391 urbium

331 2406 496 2478 Subscribi
510 2421 635 2503 statuis,
650 2425 841 2499 indomitam
854 2437 974 2505 audeat

289 2501 462 2574 Refrenare
476 2512 648 2602 licentiam,

328 2603 447 2672 Clamo
461 2619 666 2705 postgenitis5
689 2635 959 2707 quatenus-heu
971 2640 1085 2709 nelml
1150 2648 1194 2714 30

287 2699 445 2771 Virtutem
458 2709 654 2784 ineolumem
668 2723 805 2810 odimus,

327 2799 498 2872 Sublatam
513 2831 555 2876 ex
569 2818 675 2883 oeulis
688 2829 876 2905 quaerimus
890 2832 1001 2900 invidi

285 2896 379 2967 Quid
394 2903 498 2970 tristes
512 2915 738 3004 querimoniae,

326 2996 442 3066 sinon
457 3009 614 3091 supplicio
628 3018 725 3102 culpe
739 3025 914 3094 recidiuut

283 3092 376 3163 Quid
390 3098 478 3183 leges
492 3107 562 3172 sine
576 3115 719 3182 moribus
1032 3120 1038 3131 ’
1145 3142 1187 3209 35

324 3192 437 3262 Vanae
451 3205 632 3293 proficiunt,
647 3215 675 3280 si
689 3236 796 3302 neque
810 3223 941 3291 fervidis

280 3287 359 3354 Pars
373 3294 501 3365 inclusa
514 3306 674 3377 caloribus

322 3388 439 3459 Mundi
453 3418 514 3465 nee
527 3404 647 3475 Boreae
662 3413 838 3483 finitimum
853 3420 939 3488 latus

277 3483 487 3579 Durataeque
501 3503 569 3568 solo
583 3507 675 3574 nives

317 3587 528 3665 Mercatorem
543 3606 685 3692 abigrmt,
700 3613 829 3681 horrida
842 3620 950 3687 callidi
1138 3637 1182 3702 40

356 3757 387 3808 C.
399 3765 466 3815 nir.
477 3766 518 3821 24.
536 3776 638 3834 pretim
649 3784 717 3830 mori.
848 3788 889 3840 30.
907 3791 991 3846 Carus,
