2842 4342
517 414 637 466 amm
688 414 719 465 ot
744 414 780 465 v.
1092 392 1162 472 14'1

271 576 356 640 Cum
371 573 565 658 promineret
579 590 641 651 ore,
656 583 820 654 quantum
835 582 1067 656 exstanteque
1122 572 1165 638 35

312 675 479 758 suspensa
494 681 603 736 mento
617 690 770 754 corpora:

272 774 421 838 Exsicta
435 772 484 836 uti
499 770 644 835 medulla
658 780 691 834 et
704 770 834 835 aridum
843 773 935 855 jecur

214 902 219 917 ·
315 871 442 937 Amoris
456 890 527 933 esse
542 869 709 953 poculum,

275 971 484 1036 Interminato
497 988 575 1033 oum
590 968 689 1032 semel
705 967 794 1032 fixae
807 969 879 1032 cibo

316 1069 536 1134 intabuissent
550 1067 702 1151 papulae.

274 1169 349 1233 Non
362 1167 504 1233 defuisse
518 1166 685 1231 masculae
699 1165 843 1232 libidinis

318 1268 556 1332 aeminensem
571 1266 708 1346 Foliam,

275 1368 321 1432 Et
333 1367 435 1432 otiosa
448 1365 583 1430 eredidit
598 1364 752 1448 Neapolis

317 1467 362 1532 Et
374 1487 472 1531 omne
486 1467 632 1530 vicinum
646 1466 811 1549 oppidum,

276 1568 376 1639 Quae
390 1566 498 1631 sidera
512 1575 687 1630 excantata
700 1583 781 1630 vooe
795 1566 959 1630 Thessala
1127 1566 1169 1630 45

318 1666 516 1748 Lunamque
529 1665 620 1729 ooelo
634 1663 758 1749 den‘pit.

275 1766 338 1830 Hic
351 1767 537 1830 irresettum
551 1784 651 1828 saeva
665 1765 766 1828 dente
781 1764 882 1827 livido

319 1864 457 1929 Canidia
471 1864 586 1928 rodens
601 1864 760 1948 pollicem,

277 1964 370 2035 Quid
384 1963 467 2027 dixit
481 1976 539 2028 aut
553 1964 633 2046 quid
648 1964 775 2029 tacuit?
819 1969 837 2004 “
848 1963 887 2044 0,
902 1964 998 2027 rebus
1012 1963 1093 2027 meis

320 2063 395 2127 Non
408 2062 556 2126 infideles
572 2064 718 2143 arbitrae‚
1127 2061 1170 2125 60

279 2161 353 2226 Nox
367 2172 401 2226 et
414 2163 534 2243 Diana,
549 2182 634 2246 quae
649 2162 815 2227 silentium
829 2162 923 2246 regis,

321 2264 449 2325 Arcana
463 2281 542 2325 oum
556 2261 642 2326 fiunt
655 2281 759 2342 sacra,

278 2360 383 2442 Nunc,
398 2380 488 2425 nuno
503 2360 623 2442 adeste,
633 2380 724 2426 nuno
737 2362 772 2425 in
786 2361 919 2425 hostiles
933 2359 1045 2425 domos

322 2460 409 2524 Iram
423 2471 524 2544 atque
538 2479 662 2525 numen
676 2461 790 2525 vertite
805 2462 812 2524 !

281 2559 510 2623 Formidolosis
524 2559 606 2623 dum
620 2559 722 2623 latent
736 2559 827 2623 silvis
842 2558 937 2640 serae,
1130 2559 1171 2622 55

323 2658 421 2722 Duloi
435 2678 546 2743 sopore
560 2658 746 2742 languidae,

280 2757 407 2837 Senem,
422 2756 510 2840 quod
524 2777 637 2822 omnes
651 2757 785 2840 rideant,
802 2758 987 2822 adultemm

323 2856 455 2920 Latrent
469 2857 663 2922 Suburanae
677 2876 784 2938 canes,

282 2954 392 3018 Nardo
404 2967 605 3039 perunctum,
621 2957 718 3039 quale
733 2975 799 3020 non
813 2954 983 3039 perfectius

325 3053 417 3117 Meae
433 3054 607 3119 laborarint
620 3075 794 3119 manus-
1131 3053 1174 3117 ot)

282 3151 375 3222 Quid
389 3154 531 3218 accidit?
552 3174 611 3220 eur
624 3155 695 3219 dira
707 3156 863 3220 barbatae
877 3155 988 3218 minus

326 3250 459 3318 Venena
473 3253 610 3318 Medeae
624 3255 761 3319 valenti

282 3351 414 3421 Quibus
429 3354 601 3436 superbam
616 3352 699 3436 fugit
714 3353 784 3417 ulta
798 3352 955 3436 pellicem,

327 3451 440 3534 Magni
454 3453 600 3517 Creontis
615 3452 727 3533 filiam,

283 3549 369 3613 Cum
382 3551 479 3634 pella,
495 3554 569 3617 tabo
584 3572 706 3617 munus
722 3552 891 3633 imbutum,
907 3570 1027 3615 novam
1132 3549 1174 3613 65

327 3648 482 3714 lucendio
496 3663 633 3734 nuptam
647 3652 789 3716 abstulit.

257 3816 297 3865 tt.
315 3812 440 3879 limem,
456 3832 557 3879 exuam
573 3830 677 3871 exsecta.
744 3821 783 3871 55.
802 3820 998 3879 Formidolosae3
1014 3833 1078 3869 eum.

324 3898 364 3947 60.
382 3900 527 3951 laborarunt.
596 3901 635 3950 63.
653 3901 764 3961 superba.
832 3901 871 3949 65.
888 3899 1012 3948 infectum.
