2842 4342
510 369 826 423 mannam
1027 354 1169 427 409

151 527 203 593 Ne
219 526 336 592 biberis
349 524 464 590 diluta.
508 527 601 591 Foris
615 537 665 591 est
678 546 818 610 promus,
833 538 866 592 et
879 538 987 594 atrum

153 626 342 692 Defendens
355 628 460 710 pisces
474 627 597 691 hiemat
609 645 717 691 mare:
739 646 818 692 cum
831 628 899 691 sale
912 629 1006 712 panis

153 729 343 791 latrantem
358 726 563 790 stomachtun
577 727 659 790 bene
673 726 780 790 leniet
824 726 919 792 Unde
933 739 1029 810 putas
1043 738 1101 793 aut

154 828 227 897 Qut
241 826 393 909 partum
437 825 511 890 Nou
526 826 560 889 in
574 844 649 889 earo
663 825 775 889 nidore
790 826 939 909 voluptas

154 927 302 1003 Summa,
318 925 375 988 sed
389 925 424 988 in
438 934 470 988 te
484 924 554 1008 ipm
566 933 624 988 est
668 925 727 989 Tu
740 925 956 1007 pulmentaria
969 945 1087 1009 quaere
1127 927 1171 992 20

155 1024 332 1090 Sudando:
357 1025 510 1108 pinguem
524 1024 611 1088 vitiis
626 1024 803 1107 albumque
817 1044 923 1107 neque
936 1036 1040 1089 ostrea

156 1123 229 1187 Nec
243 1142 355 1185 scarus
369 1133 428 1186 aut
440 1124 554 1206 poterit
567 1124 734 1206 peregrina
743 1125 859 1207 iuvare
873 1123 984 1206 lagois.

156 1225 222 1287 Via
236 1234 345 1286 tamen
359 1223 501 1306 eripiam,
516 1223 619 1305 posito
632 1241 759 1305 pavone
773 1223 854 1287 velis
868 1225 948 1306 quin

155 1324 229 1386 Hoc
242 1323 356 1405 potius,
371 1341 473 1404 quam
482 1321 606 1407 gallina
612 1332 731 1404 tergere
745 1323 900 1406 palatum,

155 1424 334 1503 Corruptus
347 1421 442 1484 vanis
456 1439 571 1501 rerum,
587 1422 665 1503 quia
679 1433 797 1486 veneat
810 1442 889 1487 auro
1129 1424 1172 1487 25

157 1521 246 1585 Rara
260 1521 331 1584 avis
345 1530 377 1583 et
390 1520 477 1603 picta
491 1520 614 1603 pandat
628 1522 812 1604 spectacula
826 1522 951 1587 cauda:

155 1621 335 1702 Tanquam
346 1618 390 1682 ad
403 1639 472 1683 rem
481 1620 616 1683 attineat
625 1620 815 1702 quidquam.
852 1621 943 1685 Num
953 1626 1090 1684 vesceris
1101 1623 1171 1702 ista,

155 1720 272 1789 Quam
285 1718 410 1798 laudas,
425 1718 561 1801 pluma?
582 1729 673 1783 cocto
686 1738 769 1783 num
783 1718 875 1783 adest
887 1720 990 1783 honor
1003 1719 1114 1783 idemi

156 1821 264 1884 Carne
279 1830 388 1882 tamen
402 1820 554 1899 quamvis
568 1818 674 1899 distat,
689 1819 736 1883 nil
750 1820 814 1883 hac
829 1819 934 1902 magis
948 1819 1012 1898 illa,

156 1919 340 2002 lmparibus
354 1917 465 1981 formis
479 1917 650 2000 deceptum
664 1928 695 1982 te
709 1928 807 2001 patet
850 1918 950 1982 Esto:
1129 1916 1173 1981 30

155 2018 252 2083 Unde
267 2017 383 2082 datum
397 2017 505 2098 sentis,
520 2017 618 2101 lupus
632 2018 686 2082 hic
702 2018 875 2083 Tiberinus
889 2037 933 2081 an
947 2016 1012 2081 alto

156 2120 282 2201 Captus
296 2118 372 2197 hiet,
388 2128 541 2201 pontesne
554 2118 637 2182 inter
644 2120 788 2203 jactatus
802 2138 846 2182 an
861 2118 967 2181 amnis

157 2218 251 2283 Ostia
265 2218 328 2282 sub
341 2216 470 2282 Tusci?
512 2218 655 2299 Laudas,
670 2220 793 2299 insane,
809 2218 962 2282 trilibrem

157 2317 309 2399 Mullum,
325 2318 359 2381 in
373 2317 503 2401 ringula
515 2338 616 2400 quem
629 2320 760 2383 minuas
773 2318 941 2402 pulmenta
955 2336 1086 2382 neeesse
1099 2326 1157 2380 eet.
1288 2332 1296 2345 ·

157 2417 258 2482 Ducit
272 2428 304 2481 te
319 2419 450 2501 species,
465 2418 578 2481 video:
600 2438 666 2500 quo
681 2419 817 2502 pertinet
830 2437 914 2501 ergo,
1129 2415 1172 2480 35

157 2518 308 2581 Prooeros
321 2516 427 2580 odisse
442 2517 560 2600 lupos?
602 2519 694 2589 Quia
709 2518 831 2582 scilicet
843 2517 907 2582 illis

157 2616 314 2699 Maiorem
327 2627 444 2680 natura
458 2616 594 2680 modum
608 2617 704 2699 dedit,
719 2619 772 2682 his
786 2618 882 2681 breve
896 2614 1032 2700 pondus.

156 2715 294 2799 Jejunus
307 2735 379 2779 raro
392 2717 579 2781 stomachus
593 2718 743 2800 vulgaria
757 2716 880 2782 temnit.

157 2813 344 2879 Portentum
357 2835 478 2900 magno
491 2836 651 2900 magnum
664 2829 807 2901 spectare
821 2817 929 2880 catino

156 2914 292 2995 Vellem,
303 2915 349 2979 ait
362 2915 517 2999 Harpyiis
531 2916 610 3000 gula
624 2916 724 3001 digna
738 2916 918 2999 rapacibus.
961 2915 1005 2977 At
1018 2932 1086 2993 vos,
1129 2912 1173 2977 40

158 3014 347 3078 Praesentes
360 3016 480 3097 Austri,
494 3016 623 3099 coquite
637 3017 755 3081 horum
768 3015 921 3079 obsonia!
954 3016 1159 3096 Quanquam

156 3112 254 3176 Putet
268 3133 347 3197 aper
360 3114 580 3198 rhombusque
593 3134 713 3195 recens,
729 3115 818 3178 mala
831 3115 923 3198 copia
937 3112 1069 3197 quando

156 3212 302 3296 Aegrum
317 3214 467 3278 sollicitat
480 3215 694 3296 stomachum,
709 3234 787 3279 cum
802 3215 914 3298 rapula
927 3214 1043 3297 plenus

156 3312 264 3394 Atque
278 3313 391 3377 acidas
404 3314 533 3378 mavult
546 3315 663 3379 inulas.
707 3313 858 3380 Necdum
871 3314 977 3378 omnis
991 3314 1107 3377 abacta

157 3411 332 3494 Pauperies
346 3413 450 3496 epulis
464 3434 597 3498 regum:
620 3415 832 3479 namvilibus
846 3414 917 3479 ovis
1131 3410 1174 3475 45

159 3510 330 3593 Nigrisque
343 3523 393 3576 est
406 3513 485 3577 oleis
498 3512 594 3579 hodie
608 3514 708 3580 locus.
752 3512 853 3577 Haud
866 3512 912 3576 ita
925 3510 1049 3594 pridem

219 3740 993 3807 st‚³u.c·meamenqaamvnaaatnu,haamagufflem

334 3822 843 3889 Imperibmtornisdeoeptamreperere!
877 3825 949 3876 Este:
969 3822 1085 3875 eattae
