2842 4342
255 316 326 393 trt
448 409 450 413 ι
654 326 869 389 summit

251 494 353 558 Dives
367 480 460 576 agris,
474 492 567 556 dives
580 494 692 576 positis
704 494 741 558 in
754 494 881 558 foenore
894 494 1057 559 nummis:

250 594 381 663 Quinas
395 593 448 656 hic
462 593 560 675 capiti
575 592 737 657 mercedes
751 603 892 672 exsecat,
907 602 1006 675 atque

249 693 385 762 Quanto
399 690 553 775 perditior
565 691 705 774 quisque
719 702 776 773 est,
791 700 881 755 tanto
895 692 1002 784 acrius
1016 702 1127 775 urget3

251 790 393 855 Nomina
407 801 556 872 sectatur,
570 792 668 856 modo
682 802 813 875 sumpta
826 802 916 856 veste
930 793 1023 873 virili,

249 890 319 955 Sub
333 891 478 974 patribus
492 891 590 972 duris,
607 892 757 956 tironum
799 891 955 973 Maxime,
969 894 1043 975 quis
1057 912 1133 973 non,

248 991 381 1074 Jupiter,
396 991 567 1071 exclamat,
582 989 792 1073 simulatque
806 990 933 1055 audivit
939 992 1042 1055 t-At
1054 993 1090 1056 in
1103 1012 1139 1056 se

249 1090 312 1155 Pro
326 1101 465 1173 quaestu
479 1100 647 1173 sumptum
661 1088 740 1154 facit
752 1090 923 1154 hic-Vix
937 1090 1064 1155 credere
1077 1091 1190 1174 possis,

1227 693 1271 758 15

249 1191 364 1260 Quam
378 1191 439 1254 sibi
453 1190 572 1254 nonsit
585 1190 720 1271 amicus,
731 1190 786 1271 ita,
798 1200 836 1254 ut
848 1200 939 1274 pater
948 1190 1012 1272 ille,
1024 1191 1160 1256 Terenti
1222 1192 1269 1257 20

249 1288 377 1353 Fabula
392 1307 490 1372 quem
504 1290 659 1354 miserum
673 1299 772 1373 gnato
785 1290 908 1354 vixisse
921 1288 1034 1373 fugato

248 1386 386 1470 Inducit,
402 1407 468 1452 non
483 1408 518 1451 so
531 1389 623 1474 pejus
636 1389 828 1455 cruciaverit
841 1399 938 1473 atque
952 1390 1016 1454 hic

248 1488 285 1553 Si
299 1488 373 1571 quis
386 1507 476 1552 nune
489 1499 632 1570 quaerat,
648 1490 728 1559 Quo
740 1509 791 1552 res
805 1490 888 1553 haec
901 1489 1059 1572 pertinet?
1096 1489 1197 1555 llluc:

248 1587 340 1652 Dum
353 1589 460 1651 vitant
473 1588 564 1651 stulti
577 1588 665 1667 vitia,
681 1587 717 1650 in
730 1589 889 1651 contraria
903 1598 1043 1652 cummt

248 1686 432 1751 Malthinus
446 1686 567 1749 tunicis
582 1685 731 1750 demissis
744 1686 911 1750 ambulat:
933 1687 1054 1769 estqui
1221 1686 1265 1752 25

248 1787 375 1870 luguen
389 1785 432 1850 ed
446 1787 643 1850 obscoenum
657 1786 826 1850 subductis
841 1804 945 1867 usque
959 1784 1102 1850 facetus:

248 1887 398 1951 Pastillos
411 1885 555 1952 Rufillus
569 1886 641 1966 olet,
657 1886 840 1968 Gargonius
854 1884 990 1947 hircum

248 1986 303 2052 Nil
317 1986 464 2051 medium
477 1996 535 2049 est.
578 1986 664 2050 Sunt
678 1985 736 2068 qui
749 1983 854 2048 nolint
868 1983 1010 2067 tetigisse
1024 1983 1088 2047 nisi
1101 1983 1184 2064 illas,

247 2085 401 2154 Quarum
415 2085 553 2148 subsuta
566 2083 649 2147 talos
664 2091 752 2165 teget
766 2083 877 2146 instita
890 2091 997 2145 veste:

247 2183 369 2247 Contra
383 2182 469 2247 alius
482 2183 610 2247 nullam
622 2182 688 2246 nisi
701 2182 800 2246 olenti
814 2182 850 2246 in
860 2181 979 2246 fornice
993 2190 1142 2245 stantem.

246 2281 396 2352 Quidum
409 2291 506 2346 notus
520 2283 618 2347 homo
631 2301 709 2347 cum
722 2281 825 2346 exiret
837 2280 965 2362 fornice,
981 2279 1090 2345 Macte

247 2380 371 2444 Virtute
385 2389 462 2462 esto,
477 2381 583 2464 inquit
597 2381 757 2446 sententia
770 2380 825 2445 dia
839 2379 990 2444 Catonist

247 2478 335 2545 Nam
349 2481 447 2544 simul
462 2501 501 2544 ac
515 2500 617 2544 venas
632 2480 759 2544 inflavit
773 2488 854 2544 tetra
868 2478 975 2560 libido,

247 2579 323 2644 Huc
332 2582 470 2665 juvenes
484 2599 628 2663 aequum
641 2590 691 2643 est
704 2579 905 2659 descendere,
921 2597 986 2642 non
1000 2576 1125 2642 alienas

247 2680 425 2746 Permolere
441 2679 722 2745 uxorea-Nolim
736 2679 905 2759 laudarier,
920 2677 1034 2762 inquit,
1221 2676 1265 2742 35

248 2781 303 2846 Sic
317 2803 378 2863 me,
393 2782 525 2845 mirator
538 2779 640 2844 cunni
655 2779 859 2862 Cupiennius
873 2776 948 2842 albi

248 2881 371 2949 Audire
384 2890 434 2944 est
446 2899 560 2964 operae
574 2879 721 2963 pretium,
736 2877 905 2962 procedere
919 2886 1003 2941 recte

247 2981 319 3052 Qui
332 2980 475 3044 moechis
490 2999 556 3044 non
570 2979 679 3059 vultis,
694 2989 733 3043 ut
746 2978 836 3042 omni
849 2987 939 3061 parte
952 2977 1116 3060 laborent3

247 3080 356 3162 thue
370 3078 435 3141 illis
448 3078 552 3142 multo
565 3088 714 3160 corrupta
728 3076 836 3141 dolore
850 3075 1010 3160 voluptas,

249 3178 357 3261 Atque
370 3178 452 3242 haec
466 3197 547 3258 rara,
561 3176 658 3240 cadat
672 3175 755 3240 dura
770 3176 851 3240 inter
865 3195 960 3259 saepe
973 3174 1101 3259 pericla
1222 3176 1268 3242 to

250 3277 313 3341 Hic
328 3296 363 3341 se
377 3276 584 3360 praecipitem
597 3285 680 3339 tecto
695 3274 804 3340 dedit:
827 3274 881 3338 ille
896 3273 1033 3357 flagellis

249 3375 304 3441 Ad
317 3386 453 3441 mortem
467 3395 601 3440 caesus:
623 3373 752 3459 fugiens
766 3375 821 3438 hic
835 3374 955 3438 decidit
968 3392 1076 3437 acrem

251 3475 456 3541 Praedonum
469 3475 505 3539 in
518 3476 664 3540 turbam:
686 3473 776 3539 dedit
790 3474 844 3538 hio
858 3494 914 3557 pro
927 3492 1056 3555 corpore
1070 3489 1242 3535 nummos:

214 3588 220 3597 ·
252 3575 351 3640 Hunc
365 3574 608 3656 perminxerunt
621 3575 770 3657 calones3
793 3575 876 3656 quin
890 3574 989 3637 etiam
1003 3570 1085 3636 illud

347 3802 385 3856 ta
401 3801 528 3855 uoueret
593 3803 635 3855 25.
652 3801 800 3856 Mslehinua
865 3803 907 3854 38.
925 3797 1182 3859 Μωὼω,οη11ιύ.
