2842 4342
510 292 669 345 muul.
719 294 841 346 0.AE

294 434 426 531 Bellula
441 438 557 530 accite,
572 445 748 517 metuende
759 438 857 530 certass

378 548 516 630 Phoebe,
531 548 657 631 sagitta

294 747 414 812 Dicam
426 755 460 810 et
472 744 619 826 Alciden,
633 763 815 828 puerosque
828 744 947 827 ledae

294 846 394 909 Hunc
407 845 509 927 equis,
524 843 619 908 illum
633 862 784 926 superare
797 843 917 927 pugnis

294 943 461 1024 Nobilem3
485 961 624 1025 qnorum
638 941 738 1006 simul
752 941 828 1006 alba
841 942 952 1006 nautis

369 1041 481 1107 Stella
495 1040 628 1121 refulsit,

295 1236 421 1303 Defluit
435 1236 524 1301 saxis
539 1237 681 1321 agitatus
694 1237 821 1317 humor,

295 1337 479 1402 Concidunt
493 1336 591 1416 venti,
606 1334 803 1419 fugiuntque
816 1336 929 1416 nubes,

295 1435 342 1499 Et
354 1433 598 1516 minax-quod
612 1433 659 1499 sic
673 1433 943 1517 voluere-ponte

379 1532 477 1599 Unda
490 1533 656 1598 recumbit

295 1729 474 1795 Romulum
488 1739 561 1814 post
574 1731 634 1794 hos
647 1730 745 1812 prius,
760 1747 805 1793 an
818 1728 966 1811 quietum

296 1827 434 1912 Pompili
447 1847 583 1911 regnum
596 1847 779 1908 memorem,
794 1845 838 1891 an
852 1827 1004 1909 superbos

296 1927 458 2011 Tarquini
475 1926 587 2007 fasces,
602 1927 722 2006 dubito,
737 1944 782 1990 au
797 1925 929 1990 Catonis

379 2025 494 2091 Nobile
507 2024 618 2089 letum.

295 2206 469 2291 Regulum,
484 2216 517 2271 et
530 2206 678 2287 Scauros,
693 2206 885 2289 animaeque
894 2224 1039 2290 ,magnae

296 2305 472 2389 Prodigum
485 2304 648 2386 Paullum,
664 2315 835 2388 superante
849 2305 965 2385 Poeno,

297 2405 416 2470 Gratus
429 2404 549 2488 insigni
563 2403 699 2468 referam
712 2405 866 2485 Camena,

380 2504 641 2586 Fabriciumque.

298 2702 405 2782 Hunc,
420 2713 453 2767 et
466 2702 637 2786 incomptis
652 2702 789 2766 Curium
802 2700 928 2784 capillis

299 2801 420 2866 Utilem
434 2800 517 2866 bello
531 2802 614 2882 tulit,
628 2812 662 2865 et
675 2799 853 2865 Camillum

298 2899 406 2966 Saeva
420 2910 591 2983 paupertas
605 2911 637 2964 et
651 2900 761 2964 avitus
776 2908 851 2982 apto

381 2999 469 3064 Cum
482 2999 548 3064 lare
562 2999 693 3065 fundus.

298 3197 430 3278 Crescit,
445 3197 573 3262 occulto
586 3197 677 3262 velut
690 3197 783 3260 arbor
796 3215 885 3276 aevo,

300 3297 405 3361 Fama
418 3297 584 3361 Marcelli:
605 3296 705 3360 micat
718 3297 801 3360 inter
814 3313 926 3359 omnes

298 3395 425 3461 Julinm
439 3397 538 3478 sidus,
552 3396 644 3460 velut
657 3397 739 3460 inter
753 3396 844 3479 ignes

382 3494 480 3560 Luna
492 3496 641 3560 minores.

409 3677 949 3743 ³1.qmuc;qusue;mmnc;uuc

314 3758 356 3810 35.
372 3758 527 3818 rancenti,
537 3759 619 3811 Beati.
880 3760 921 3809 ⁴1.
938 3755 1049 3807 intefl-
