2842 4342
483 382 595 434 mnus
618 384 642 435 1.
693 384 728 436 ru
752 383 830 437 xrv.
1090 373 1163 445 263

185 542 331 610 Sedulus
343 540 504 624 importes,
519 560 615 625 opera
630 543 822 606 vehemente
835 543 990 609 minister.
1142 549 1163 612 5

184 644 223 709 Si
237 654 269 708 te
283 642 363 706 forte
376 660 471 705 meae
485 642 593 724 gravis
607 652 678 706 uret
692 643 820 706 sarcina
833 638 973 725 chartae,

187 743 327 828 Abjicito
341 741 456 825 potius,
471 760 582 823 quem,
597 760 663 824 quo
677 743 813 825 perferre
822 744 953 827 juberis,

186 842 335 908 Clitellas
348 840 435 905 ferus
450 841 619 925 impingas,
635 842 821 925 Asinaeque
835 854 1005 927 paternum

186 942 378 1025 Cognomen
392 950 499 1004 vertas
513 941 548 1004 in
562 941 665 1005 risum
678 952 711 1006 et
724 941 839 1007 sabula
854 943 925 1007 iias.
978 936 981 941 ⁴

186 1043 318 1108 Viribus
332 1042 431 1105 uteris
444 1060 501 1124 per
514 1041 624 1121 clivos,
639 1042 787 1124 flumina,
802 1043 927 1126 lamas3
1125 1044 1165 1108 to

187 1143 297 1208 Victor
311 1142 461 1225 propositi
475 1140 574 1204 simul
588 1161 627 1204 ao
642 1143 823 1224 perveneris
837 1143 923 1224 illue,

187 1242 243 1307 Sic
258 1242 399 1326 positum
414 1240 558 1305 servabis
572 1260 664 1323 onus,
680 1261 723 1307 ne
737 1241 816 1307 forte
832 1245 895 1308 sub
909 1243 963 1308 ala

187 1341 400 1408 Fasciculum
413 1351 518 1424 portes
532 1341 693 1424 libmmm,
709 1351 747 1407 ut
760 1344 900 1408 mstieus
914 1360 1047 1429 agnum,

186 1442 233 1508 Ut
246 1432 363 1505 vinosa
376 1441 504 1525 glomus
518 1440 657 1506 stutivae
671 1438 810 1526 Pyrrhia
824 1444 928 1525 lanae,

187 1543 234 1607 Ut
247 1560 325 1605 oum
340 1540 455 1625 pileolo
469 1541 573 1605 soleas
587 1542 727 1607 conviva
743 1542 878 1607 tribulis.
1124 1543 1164 1606 15

187 1641 238 1706 Ne
253 1640 355 1724 vulgo
368 1659 486 1721 narres,
501 1650 533 1704 te
549 1640 718 1706 sudavisse
732 1641 864 1706 serendo

187 1739 353 1821 carmina
368 1758 453 1822 quse
466 1741 590 1824 possint
603 1740 715 1805 oculos
729 1758 888 1824 auresque
902 1741 1018 1805 morari

186 1839 351 1922 Caesaris3
360 1849 469 1903 oratus
484 1840 588 1903 multa
601 1859 703 1924 prece,
718 1841 819 1903 nitere
832 1858 932 1924 porro.

188 1936 292 2017 Vade,
307 1936 399 2019 vale3
421 1955 511 2018 euve,
527 1957 570 2003 ne
584 1938 703 2003 titubes
717 1937 938 2021 mandataque
952 1937 1092 2021 frangas
1118 2024 1127 2065 l
1163 1990 1219 2045 ⁸153
1270 2028 1272 2039 J

491 2481 706 2545 EPISTOLA
732 2481 821 2543 XIV.

412 2681 469 2724 An
500 2681 737 2725 vriulcunr
767 2680 900 2723 SUUM.

232 2856 345 2922 vitrice
361 2858 519 2922 silvarum
532 2868 564 2921 et
578 2858 659 2922 mihi
674 2877 727 2922 me
741 2855 903 2920 reddentis
918 2854 1023 2938 agelli,

187 2957 302 3028 Quem
316 2967 353 3021 tu
367 2956 503 3038 fastidis,
518 2958 702 3021 habitatum
716 2957 861 3040 quinque
876 2954 955 3019 t‘oois
969 2963 1001 3017 et

188 3056 348 3139 Quinque
362 3058 462 3121 bonos
477 3056 609 3121 solitum
623 3056 756 3121 Variam
769 3055 927 3120 dimittere
941 3064 1056 3139 patres,

188 3156 367 3235 Certemus,
383 3156 493 3239 spinas
507 3157 661 3220 animone
675 3174 736 3238 ego
749 3154 862 3218 fortius
877 3174 920 3218 an
936 3164 972 3217 tu

187 3254 325 3321 Evellas
339 3274 424 3339 agro,
439 3266 472 3319 et
485 3256 598 3320 melior
612 3255 653 3319 sit
668 3256 823 3319 Horatius
838 3274 882 3318 an
896 3273 954 3316 res.
1144 3251 1165 3315 5

188 3356 243 3421 Me
257 3356 410 3440 quamvis
424 3354 560 3419 Lamiae
574 3356 678 3439 pietas
691 3365 724 3418 et
739 3374 818 3418 cura
831 3361 981 3432 moratur,

190 3455 337 3519 Fratrem
351 3457 533 3537 moerentis,
548 3466 639 3540 rapto
654 3454 694 3519 de
708 3454 804 3519 fratre
818 3452 956 3516 dolentis

188 3551 410 3635 Insolabiliter‚
425 3565 537 3620 tamen
552 3556 636 3619 istuc
650 3574 744 3619 mens
759 3554 954 3634 animusque

188 3651 273 3734 Fert,
288 3663 322 3716 et
335 3665 426 3719 amat
440 3656 553 3739 spatiis
567 3655 730 3719 obstantis
743 3672 890 3737 rumpere
904 3651 1054 3715 claustra

187 3748 275 3815 Rure
289 3771 350 3836 ego
364 3754 539 3835 viventem,
555 3765 592 3818 tu
607 3754 689 3818 dicis
702 3755 739 3818 in
753 3755 831 3817 urbe
845 3752 996 3816 beatum:
1125 3747 1166 3812 lo

189 3849 252 3915 Oui
266 3851 373 3937 plsoet
388 3854 529 3936 alterius,
545 3874 608 3918 sus
621 3854 777 3918 nimirum
790 3862 839 3916 est
852 3851 926 3916 odio
941 3869 1017 3915 sors
