2842 4342
504 313 558 363 mr
580 312 678 363 narn
700 312 866 365 unauna
1118 300 1192 371 299

175 471 375 554 Antiphaten
389 470 599 552 Scyllamwe
613 480 646 532 et
659 488 736 533 curn
751 469 893 552 Cyclope
908 471 1115 557 Charybdim
1130 475 1191 539 145

173 571 243 635 Nee
258 571 399 634 reditum
413 569 580 633 Diomedis
594 570 637 632 ab
648 569 781 633 interitu
796 570 958 653 Meleagri,

175 670 244 733 Nee
258 669 388 752 gemino
404 668 526 733 bellum
540 668 722 752 'Projanum
736 667 858 732 orditur
871 671 914 733 ab
928 689 1010 753 ovo;

173 771 309 852 Semper
323 767 366 831 ad
381 778 536 831 eventum
549 766 687 846 festinat,
702 778 735 829 et
749 768 783 830 in
797 767 922 831 medias
936 789 995 850 res,

177 869 250 933 Non
265 886 361 931 senus
375 886 415 930 ae
429 874 532 945 notas,
548 865 728 929 auditorem
742 867 833 948 rapit,
849 877 881 929 et
894 886 979 949 qnae

176 968 334 1049 Desperet
347 976 483 1029 tractata
497 965 651 1029 nitescere
665 984 768 1048 posse,
783 965 944 1049 relinquit,
1129 969 1191 1032 150

175 1068 284 1149 Atque
298 1067 345 1129 ita
358 1065 518 1144 mentitur,
535 1065 582 1128 sio
596 1065 680 1128 veris
693 1064 778 1129 falsa
792 1067 948 1147 remiseet,

177 1166 284 1229 Primo
298 1185 340 1229 ne
353 1165 507 1245 medium,
521 1163 629 1229 medio
641 1183 684 1227 ne
698 1163 855 1248 discrepet
869 1166 982 1230 imum.

178 1265 241 1344 Tu,
257 1265 336 1347 quid
350 1284 411 1348 ego
424 1274 456 1328 et
469 1264 609 1348 populns
624 1282 754 1327 mecum
768 1263 933 1345 desideret,
949 1267 1037 1332 audi.

177 1367 214 1431 si
227 1365 387 1450 plausoris
400 1384 476 1448 eges
491 1364 609 1428 aulaea
621 1364 794 1444 manentis,
809 1375 841 1427 et
855 1384 960 1447 usque

177 1466 314 1545 sessuri,
329 1463 433 1528 donee
447 1475 567 1543 cantor,
583 1464 649 1527 Vos
662 1462 815 1546 plaudite,
831 1463 927 1545 dieat,
1133 1466 1193 1531 155

178 1566 302 1630 Aetatis
316 1566 473 1649 cujusque
488 1562 622 1627 notandi
636 1572 715 1626 sunt
728 1564 784 1626 tibi
799 1581 912 1643 mores,

179 1665 418 1747 mobilibusque
432 1663 527 1737 deoru
540 1662 664 1726 naturis
678 1661 809 1725 dandus
823 1673 855 1725 et
868 1663 973 1726 annis.

178 1762 325 1827 Reddere
338 1763 396 1845 qui
410 1781 508 1825 voees
517 1763 586 1846 jam
601 1762 662 1825 soit
675 1780 764 1843 puer,
779 1771 812 1822 et
825 1760 907 1842 pede
921 1771 1006 1824 certo

178 1862 294 1944 Signat
307 1863 456 1941 humum,
472 1860 567 1944 gestit
580 1860 713 1943 paribus
727 1858 898 1938 colludere,
913 1868 947 1922 et
959 1859 1041 1923 iram

179 1960 311 2042 Colligit
325 1980 365 2023 ae
379 1961 471 2044 ponit
483 1970 610 2039 temere,
624 1970 658 2022 et
671 1968 817 2023 mutatur
830 1959 865 2021 in
880 1959 984 2021 horas.
1134 1961 1195 2024 160

179 2060 334 2123 Imberbis
344 2058 483 2144 Juvenis,
498 2056 632 2121 undem
645 2057 780 2121 custode
794 2067 924 2137 remoto,

178 2159 309 2223 Gaudet
322 2159 415 2241 equis
428 2159 632 2240 canibusque
644 2168 677 2221 et
690 2158 789 2241 aprici
803 2159 947 2241 gramine
961 2159 1077 2243 campi,

179 2260 300 2323 Cereus
315 2258 350 2321 in
364 2257 481 2322 vin'um
494 2257 589 2337 flecti,
605 2257 815 2321 monitoribus
828 2277 930 2341 asper,

178 2357 319 2423 Utilium
333 2356 445 2421 tardus
459 2357 610 2440 provisor,
625 2355 778 2440 prodigus
793 2357 885 2437 aeris,

177 2457 336 2522 Sublimis
350 2456 553 2540 cupidusque
567 2466 600 2520 et
612 2467 724 2519 amata
737 2455 915 2538 relinquere
929 2456 1052 2540 pernix.
1132 2457 1194 2519 165

179 2557 354 2621 Conversis
368 2556 484 2620 studiis
498 2566 588 2620 aetas
601 2555 797 2639 animusque
810 2556 912 2619 virilis

179 2657 321 2727 Quaerit
334 2675 411 2739 opes
425 2667 458 2719 et
471 2655 639 2735 amicitias,
654 2656 787 2719 inservit
801 2654 923 2733 honori,

179 2755 389 2820 commisisse
402 2766 504 2834 earet,
519 2754 609 2836 quod
621 2774 701 2819 mox
717 2764 842 2817 mutare
858 2753 987 2816 laboret.

179 2854 287 2918 Multa
302 2874 412 2918 senem
426 2853 686 2918 circumveniunt
700 2851 919 2933 incommoda3
943 2850 995 2914 vel
1010 2849 1098 2932 quod

179 2953 327 3033 Quaerit,
341 2964 374 3016 et
387 2954 527 3017 inventis
540 2953 639 3016 miser
651 2952 793 3015 abstinet
809 2970 848 3015 ac
864 2952 954 3014 timet
968 2950 1026 3031 uti,
1133 2949 1196 3012 170

180 3052 239 3115 Vel
253 3050 343 3133 quod
356 3071 406 3115 res
420 3069 534 3115 omnes
549 3050 660 3114 timide
674 3048 844 3133 gelideque
857 3051 1027 3129 ministrat,

180 3150 314 3231 Dilator,
330 3170 386 3233 spe
401 3150 527 3233 longus,
542 3150 636 3230 iners,
651 3149 833 3232 avidusque
847 3149 956 3229 futuri,

180 3249 340 3330 Difficilis,
354 3249 518 3331 quemlnr,
534 3249 683 3313 laudator
695 3249 846 3331 temporis
860 3249 923 3311 acti

179 3350 223 3415 Se
237 3368 345 3432 puero,
359 3350 533 3433 castigator
546 3366 723 3431 censorque
737 3349 908 3411 minorum.

180 3447 287 3512 Multa
300 3446 408 3513 femnt
421 3448 501 3513 armi
516 3449 682 3513 venientes
694 3446 867 3511 commoda
880 3462 1001 3525 secum,
1134 3447 1196 3512 175

181 3543 287 3609 Multa
300 3544 485 3610 recedentes
498 3546 658 3610 adimunt
702 3545 752 3610 Ne
766 3543 846 3608 forte
860 3544 978 3609 seniles

198 3775 253 3827 157.
270 3776 381 3828 murts
448 3777 502 3828 172.
519 3792 562 3840 φο
574 3776 662 3835 lentur,
673 3775 704 3826 de
715 3777 793 3841 esaje
808 3773 869 3825 W.
881 3774 1063 3838 pavlquee-
1073 3773 1104 3824 de
1114 3773 1180 3840 maj.
