2842 4342
505 351 680 403 umnam
729 352 813 404 nn
1096 331 1170 406 888

148 514 304 582 Versibus
318 510 451 576 alternis
465 508 632 593 opprobria
645 508 767 573 rustica
780 507 874 589 fudit,

147 615 363 696 libertasque
377 619 574 675 recurrentes
588 617 722 692 accepta
735 627 791 691 per
804 626 909 672 annes

148 714 245 778 Lusit
259 709 450 791 amabiliter,
465 708 567 772 donec
575 709 648 792 jam
662 726 781 771 saevus
795 718 939 791 apertam

150 814 190 878 ln
203 813 331 876 rabiem
344 810 449 893 coepit
462 790 544 873 ierti
552 810 657 893 jocus,
672 817 705 871 et
718 827 775 891 per
788 808 941 872 honestas

151 912 200 977 [re
215 911 332 975 domos
347 911 481 993 impune
495 908 618 972 minax.
663 907 952 973 Deluerecruento
1112 910 1172 972 150

152 1011 259 1075 Dente
275 1009 435 1091 lacessiti;
457 1008 520 1072 fuit
534 1007 664 1071 intactis
678 1026 809 1093 quoque
824 1026 904 1070 cura

151 1109 347 1175 Ocnditiene
362 1127 458 1191 super
471 1106 639 1171 communi
651 1127 659 1188 ;
682 1106 763 1189 quin
776 1106 876 1170 etiam
889 1105 945 1169 lex

150 1210 329 1291 Poenaque
342 1208 417 1289 late,
432 1206 519 1271 malo
533 1225 619 1289 quae
633 1205 732 1269 nollet
744 1207 887 1271 carmine
901 1224 1090 1293 quenquam

152 1308 310 1374 Describi.
354 1307 483 1371 Vertere
497 1305 641 1385 modum,
656 1304 826 1369 formidine
840 1304 936 1370 fustis

153 1408 207 1473 nd
220 1409 304 1472 bene
318 1405 495 1471 dicendum
508 1403 801 1488 delectandumque
815 1405 944 1470 redacti.
1112 1408 1172 1472 155

153 1507 292 1573 Graecia
305 1516 402 1590 capta
416 1504 522 1570 ferum
535 1505 689 1569 victorem
702 1504 796 1588 cepit,
812 1514 845 1567 et
858 1515 943 1570 artes

153 1607 270 1671 Intulit
283 1605 401 1689 agresti
414 1604 527 1669 Latio:
549 1604 597 1668 sic
611 1603 759 1669 horridus
773 1604 840 1667 ille.

156 1705 305 1769 Deduxit
319 1723 475 1768 numerus
489 1702 673 1784 Saturnius,
688 1711 720 1766 et
735 1722 833 1786 grave
847 1703 938 1766 virus

154 1803 339 1870 Munditiae
353 1804 522 1887 pepulere:
545 1802 603 1866 sed
617 1803 653 1867 in
667 1802 805 1885 longum
819 1812 930 1865 tamen
943 1821 1063 1867 aevum

154 1904 349 1969 Mensarum
362 1902 522 1985 hodieque
537 1911 673 1966 manent
686 1900 825 1982 vestigia
838 1901 929 1964 ruris.
1113 1902 1175 1966 160

154 2004 256 2069 Serus
270 2002 358 2066 enim
372 2002 505 2066 Graecis
519 2001 666 2066 admovit
679 2000 834 2065 acumina
847 1999 976 2082 chartis,

154 2102 201 2166 Et
214 2111 288 2185 post
301 2101 426 2166 Punica
439 2099 527 2166 bella
540 2101 679 2184 quietus,
693 2118 848 2183 quaerere
862 2099 974 2182 coepit,

155 2200 250 2272 Quid
264 2199 439 2283 Sophocles
453 2210 486 2264 et
499 2199 643 2283 Thespis
657 2209 690 2263 et
703 2199 889 2283 Aeschylus
903 2199 983 2264 utile
996 2198 1122 2266 ferrent.

155 2299 315 2364 'l'entavit
328 2317 457 2383 queque
471 2317 549 2380 rem,
563 2298 593 2362 si
606 2297 704 2382 digne
718 2309 839 2364 vertere
852 2310 968 2384 posset,

155 2399 202 2463 Et
214 2398 339 2482 placuit
353 2398 423 2479 sibi,
438 2408 556 2463 natura
569 2397 719 2463 sublimis
732 2409 766 2463 et
779 2419 871 2484 acer;
1113 2401 1176 2466 165

153 2498 246 2565 Nam
262 2498 361 2581 spirat
374 2499 535 2582 tragicum
548 2499 628 2563 satis
642 2508 675 2562 et
688 2495 823 2565 feliciter
836 2499 954 2585 audet;

155 2598 223 2663 Sed
237 2608 365 2682 turpem
377 2608 471 2682 putet
484 2599 599 2663 inscite
613 2599 794 2683 metuitque
808 2600 950 2665 lituram.

155 2697 313 2780 Oreditru,
328 2717 372 2761 ex
386 2696 494 2762 medio
507 2699 587 2781 quia
601 2718 652 2763 res
666 2699 808 2780 arcessit,
823 2700 941 2765 habere

154 2796 290 2864 Sudoris
304 2798 486 2878 minimum,
503 2798 561 2862 sed
575 2798 675 2864 habet
688 2798 856 2863 comoedia
870 2808 960 2862 tanto

155 2897 236 2962 Plus
250 2898 364 2979 cuens,
375 2907 499 2980 quanto
513 2898 628 2963 veniae
642 2900 763 2964 minus.
800 2897 948 2981 Adspice,
960 2897 1098 2963 Plautus
1113 2899 1176 2965 1⁷0

155 2998 235 3069 Quo
248 3007 345 3081 pecto
357 3008 465 3082 partes
479 3008 601 3064 tutetur
614 3000 757 3065 amantis
771 2998 896 3082 ephebi,

158 3097 201 3162 Ut
214 3098 315 3181 patris
329 3100 453 3181 attenti,
467 3098 594 3165 lenonis
609 3109 647 3165 ut
659 3098 825 3182 insidiosi3

155 3197 315 3267 Quantus
330 3198 371 3261 sit
385 3198 578 3264 Dossennus
592 3198 748 3264 edacibus
762 3199 797 3263 in
811 3197 968 3282 parasitis,

155 3296 271 3366 Quam
286 3314 353 3360 nen
367 3296 519 3362 adstricto
533 3308 697 3381 percurret
709 3298 836 3381 pulpita
850 3316 961 3361 socco:

156 3395 260 3460 Gssm
274 3398 364 3461 enim
376 3416 553 3462 nummum
566 3399 601 3462 in
616 3397 738 3462 loculos
753 3396 927 3476 demittere,
942 3398 1090 3481 posthoc
1113 3398 1174 3465 175

154 3494 306 3576 Securus,
321 3495 420 3561 cadat
433 3516 478 3562 an
491 3506 579 3562 recte
592 3507 655 3561 stet
668 3496 782 3561 fabula
797 3496 871 3560 talo.

154 3594 268 3665 Quem
280 3595 356 3660 tulit
369 3596 413 3660 ed
427 3616 562 3663 scenam
575 3607 710 3663 ventoso
725 3597 836 3661 Gloria
848 3616 954 3678 curru,

157 3693 336 3779 Exanimat
350 3695 461 3762 lentus
475 3707 641 3782 spectator,
657 3697 791 3762 sedulus
805 3696 918 3761 inflat:

153 3793 209 3861 Sic
222 3796 304 3887 leve,
318 3797 365 3862 sic
379 3816 520 3881 pervum
533 3809 590 3880 est,
606 3799 755 3866 animum
768 3797 856 3882 quod
871 3796 978 3862 laudis
992 3814 1129 3863 avarum
