<?xml version="1.0" encoding="UTF-8"?>
<!DOCTYPE html PUBLIC "-//W3C//DTD XHTML 1.0 Transitional//EN"
    "http://www.w3.org/TR/xhtml1/DTD/xhtml1-transitional.dtd">
<html xmlns="http://www.w3.org/1999/xhtml" xml:lang="en" lang="en">
 <head>
  <title>
</title>
<meta http-equiv="Content-Type" content="text/html;charset=utf-8" />
  <meta name='ocr-system' content='tesseract 3.04.00' />
  <meta name='ocr-capabilities' content='ocr_page ocr_carea ocr_par ocr_line ocrx_word'/>
</head>
<body>
  <div class='ocr_page' id='page_1' title='image "./workshorace09horagoog_0057.png"; bbox 0 0 2842 4342; ppageno 0'>
   <div class='ocr_carea' id='block_1_1' title="bbox 532 337 864 390">
    <p class='ocr_par' dir='ltr' id='par_1_1' title="bbox 532 337 864 390">
     <span class='ocr_line' id='line_1_1' title="bbox 532 337 864 390; baseline 0.006 -2"><span class='ocrx_word' id='word_1_1' title='bbox 532 337 643 388; x_wconf 75' lang='lat' dir='ltr'>mult</span> <span class='ocrx_word' id='word_1_2' title='bbox 666 338 692 388; x_wconf 77' lang='grc' dir='ltr'>Ι.</span> <span class='ocrx_word' id='word_1_3' title='bbox 743 338 773 388; x_wconf 86' lang='lat'>0.</span> <span class='ocrx_word' id='word_1_4' title='bbox 799 339 864 390; x_wconf 80' lang='lat' dir='ltr'><strong>VII.</strong></span> 
     </span>
    </p>
   </div>
   <div class='ocr_carea' id='block_1_2' title="bbox 310 481 1202 876">
    <p class='ocr_par' dir='ltr' id='par_1_2' title="bbox 310 481 1202 876">
     <span class='ocr_line' id='line_1_2' title="bbox 310 481 949 578; baseline -0.006 -17"><span class='ocrx_word' id='word_1_5' title='bbox 310 495 379 561; x_wconf 86' lang='lat' dir='ltr'>Nos</span> <span class='ocrx_word' id='word_1_6' title='bbox 393 483 553 575; x_wconf 79' lang='lat' dir='ltr'>oodrivia,</span> <span class='ocrx_word' id='word_1_7' title='bbox 567 481 632 558; x_wconf 69' lang='lat' dir='ltr'>nod</span> <span class='ocrx_word' id='word_1_8' title='bbox 641 494 762 578; x_wconf 88' lang='lat' dir='ltr'>proelia</span> <span class='ocrx_word' id='word_1_9' title='bbox 776 486 949 578; x_wconf 63' lang='lat' dir='ltr'>virginum,</span> 
     </span>
     <span class='ocr_line' id='line_1_3' title="bbox 310 594 939 679; baseline 0 -19"><span class='ocrx_word' id='word_1_10' title='bbox 310 594 414 660; x_wconf 79' lang='lat' dir='ltr'><strong>Sectis</strong></span> <span class='ocrx_word' id='word_1_11' title='bbox 428 595 463 659; x_wconf 92' lang='lat' dir='ltr'>in</span> <span class='ocrx_word' id='word_1_12' title='bbox 472 596 610 679; x_wconf 83' lang='lat' dir='ltr'>juvenes</span> <span class='ocrx_word' id='word_1_13' title='bbox 623 595 791 678; x_wconf 77' lang='lat' dir='ltr'>unguibus</span> <span class='ocrx_word' id='word_1_14' title='bbox 805 596 939 677; x_wconf 84' lang='lat' dir='ltr'>acrium,</span> 
     </span>
     <span class='ocr_line' id='line_1_4' title="bbox 310 692 937 778; baseline -0.002 -19"><span class='ocrx_word' id='word_1_15' title='bbox 310 694 492 759; x_wconf 76' lang='lat' dir='ltr'>Cantemus</span> <span class='ocrx_word' id='word_1_16' title='bbox 506 694 612 774; x_wconf 81' lang='lat' dir='ltr'>vacui,</span> <span class='ocrx_word' id='word_1_17' title='bbox 627 693 697 758; x_wconf 80' lang='lat' dir='ltr'>sive</span> <span class='ocrx_word' id='word_1_18' title='bbox 710 692 791 776; x_wconf 87' lang='lat' dir='ltr'>quid</span> <span class='ocrx_word' id='word_1_19' title='bbox 806 694 937 778; x_wconf 87' lang='lat' dir='ltr'>urimur,</span> 
     </span>
     <span class='ocr_line' id='line_1_5' title="bbox 354 776 1202 876; baseline -0.007 -18"><span class='ocrx_word' id='word_1_20' title='bbox 354 793 429 858; x_wconf 90' lang='lat' dir='ltr'>Non</span> <span class='ocrx_word' id='word_1_21' title='bbox 442 776 824 876; x_wconf 75' lang='lat' dir='ltr'>pmdtarsolitunileres.</span> <span class='ocrx_word' id='word_1_22' title='bbox 1159 791 1202 853; x_wconf 78' lang='grc'>20</span> 
     </span>
    </p>
   </div>
   <div class='ocr_carea' id='block_1_3' title="bbox 547 1390 1079 1456">
    <p class='ocr_par' dir='ltr' id='par_1_3' title="bbox 547 1390 1079 1456">
     <span class='ocr_line' id='line_1_6' title="bbox 547 1390 1079 1456; baseline -0.002 0"><span class='ocrx_word' id='word_1_23' title='bbox 547 1392 728 1456; x_wconf 79' lang='lat' dir='ltr'>OABMEN</span> <span class='ocrx_word' id='word_1_24' title='bbox 762 1393 839 1455; x_wconf 82' lang='lat' dir='ltr'>VIL</span> <span class='ocrx_word' id='word_1_25' title='bbox 1050 1390 1079 1431; x_wconf 65' lang='lat' dir='ltr'><em>V</em></span> 
     </span>
    </p>
   </div>
   <div class='ocr_carea' id='block_1_4' title="bbox 384 1591 1001 1639">
    <p class='ocr_par' dir='ltr' id='par_1_4' title="bbox 384 1591 1001 1639">
     <span class='ocr_line' id='line_1_7' title="bbox 384 1591 1001 1639; baseline 0.002 -4"><span class='ocrx_word' id='word_1_26' title='bbox 384 1591 443 1635; x_wconf 75' lang='lat' dir='ltr'>AD</span> <span class='ocrx_word' id='word_1_27' title='bbox 476 1591 732 1637; x_wconf 76' lang='lat' dir='ltr'><strong>MUNA&#39;I&#39;IUM</strong></span> <span class='ocrx_word' id='word_1_28' title='bbox 765 1591 1001 1639; x_wconf 64' lang='lat' dir='ltr'>eunucu.</span> 
     </span>
    </p>
   </div>
   <div class='ocr_carea' id='block_1_5' title="bbox 183 1750 1208 3538">
    <p class='ocr_par' dir='ltr' id='par_1_5' title="bbox 183 1750 1208 3538">
     <span class='ocr_line' id='line_1_8' title="bbox 183 1750 1032 1854; baseline 0.002 -22"><span class='ocrx_word' id='word_1_29' title='bbox 183 1766 389 1833; x_wconf 75' lang='lat' dir='ltr'>Laudabunt·</span> <span class='ocrx_word' id='word_1_30' title='bbox 400 1768 456 1832; x_wconf 85' lang='lat' dir='ltr'>alii</span> <span class='ocrx_word' id='word_1_31' title='bbox 464 1760 593 1832; x_wconf 78' lang='lat' dir='ltr'>&#39;clarem</span> <span class='ocrx_word' id='word_1_32' title='bbox 607 1757 755 1850; x_wconf 75' lang='lat' dir='ltr'>thdcrr,</span> <span class='ocrx_word' id='word_1_33' title='bbox 771 1780 830 1834; x_wconf 87' lang='lat' dir='ltr'>aut</span> <span class='ocrx_word' id='word_1_34' title='bbox 843 1750 1032 1854; x_wconf 78' lang='lat' dir='ltr'>Mitylenen</span> 
     </span>
     <span class='ocr_line' id='line_1_9' title="bbox 227 1852 824 1951; baseline 0.003 -21"><span class='ocrx_word' id='word_1_35' title='bbox 227 1867 297 1931; x_wconf 81' lang='lat' dir='ltr'>Aut</span> <span class='ocrx_word' id='word_1_36' title='bbox 309 1866 473 1951; x_wconf 82' lang='lat' dir='ltr'>Epheson,</span> <span class='ocrx_word' id='word_1_37' title='bbox 489 1852 661 1931; x_wconf 70' lang='lat' dir='ltr'>bimdrisve</span> <span class='ocrx_word' id='word_1_38' title='bbox 676 1866 824 1932; x_wconf 85' lang='lat' dir='ltr'>Corinthi</span> 
     </span>
     <span class='ocr_line' id='line_1_10' title="bbox 185 1965 1077 2051; baseline 0.001 -20"><span class='ocrx_word' id='word_1_39' title='bbox 185 1965 325 2043; x_wconf 82' lang='lat' dir='ltr'>Moenia,</span> <span class='ocrx_word' id='word_1_40' title='bbox 343 1965 393 2030; x_wconf 73' lang='lat' dir='ltr'>vel</span> <span class='ocrx_word' id='word_1_41' title='bbox 407 1966 538 2030; x_wconf 86' lang='lat' dir='ltr'>Baccho</span> <span class='ocrx_word' id='word_1_42' title='bbox 552 1967 687 2031; x_wconf 85' lang='lat' dir='ltr'>Thebas</span> <span class='ocrx_word' id='word_1_43' title='bbox 701 1967 756 2030; x_wconf 85' lang='lat' dir='ltr'>vel</span> <span class='ocrx_word' id='word_1_44' title='bbox 769 1967 919 2050; x_wconf 79' lang='lat' dir='ltr'>Apolline</span> <span class='ocrx_word' id='word_1_45' title='bbox 933 1967 1077 2051; x_wconf 75' lang='lat' dir='ltr'><strong>Delphos</strong></span> 
     </span>
     <span class='ocr_line' id='line_1_11' title="bbox 225 2064 1125 2148; baseline 0.001 -20"><span class='ocrx_word' id='word_1_46' title='bbox 225 2064 384 2147; x_wconf 79' lang='lat' dir='ltr'>Insignes‚</span> <span class='ocrx_word' id='word_1_47' title='bbox 400 2075 459 2128; x_wconf 87' lang='lat' dir='ltr'>aut</span> <span class='ocrx_word' id='word_1_48' title='bbox 473 2065 637 2130; x_wconf 84' lang='lat' dir='ltr'>Thessala</span> <span class='ocrx_word' id='word_1_49' title='bbox 649 2066 785 2148; x_wconf 79' lang='lat' dir='ltr'>Tempe.</span> <span class='ocrx_word' id='word_1_50' title='bbox 1123 2070 1125 2075; x_wconf 79' lang='grc'><strong>“</strong></span> 
     </span>
     <span class='ocr_line' id='line_1_12' title="bbox 184 2163 1207 2247; baseline 0.002 -18"><span class='ocrx_word' id='word_1_51' title='bbox 184 2164 271 2229; x_wconf 82' lang='lat' dir='ltr'>Sunt</span> <span class='ocrx_word' id='word_1_52' title='bbox 284 2163 404 2246; x_wconf 90' lang='lat' dir='ltr'>quibus</span> <span class='ocrx_word' id='word_1_53' title='bbox 418 2182 523 2228; x_wconf 89' lang='lat' dir='ltr'>unum</span> <span class='ocrx_word' id='word_1_54' title='bbox 536 2183 619 2247; x_wconf 89' lang='lat' dir='ltr'>opus</span> <span class='ocrx_word' id='word_1_55' title='bbox 633 2174 690 2245; x_wconf 90' lang='lat' dir='ltr'>est,</span> <span class='ocrx_word' id='word_1_56' title='bbox 705 2165 845 2228; x_wconf 76' lang='lat' dir='ltr'>intactae</span> <span class='ocrx_word' id='word_1_57' title='bbox 860 2164 1003 2229; x_wconf 86' lang='lat' dir='ltr'>Palladis</span> <span class='ocrx_word' id='word_1_58' title='bbox 1017 2164 1132 2230; x_wconf 91' lang='lat' dir='ltr'>urbem</span> <span class='ocrx_word' id='word_1_59' title='bbox 1185 2179 1207 2242; x_wconf 74' lang='lat'>5</span> 
     </span>
     <span class='ocr_line' id='line_1_13' title="bbox 226 2262 775 2347; baseline -0.004 -19"><span class='ocrx_word' id='word_1_60' title='bbox 226 2262 378 2328; x_wconf 82' lang='lat' dir='ltr'>Carmine</span> <span class='ocrx_word' id='word_1_61' title='bbox 392 2272 545 2347; x_wconf 90' lang='lat' dir='ltr'>perpetuo</span> <span class='ocrx_word' id='word_1_62' title='bbox 558 2262 727 2343; x_wconf 87' lang='lat' dir='ltr'>celebrare,</span> <span class='ocrx_word' id='word_1_63' title='bbox 742 2273 775 2327; x_wconf 93' lang='lat' dir='ltr'>et</span> 
     </span>
     <span class='ocr_line' id='line_1_14' title="bbox 185 2361 997 2446; baseline 0.001 -20"><span class='ocrx_word' id='word_1_64' title='bbox 185 2361 337 2445; x_wconf 81' lang='lat' dir='ltr'>Undique</span> <span class='ocrx_word' id='word_1_65' title='bbox 352 2362 536 2446; x_wconf 80' lang='lat' dir='ltr'>decerptam</span> <span class='ocrx_word' id='word_1_66' title='bbox 549 2361 646 2427; x_wconf 88' lang='lat' dir='ltr'>fronti</span> <span class='ocrx_word' id='word_1_67' title='bbox 660 2381 853 2446; x_wconf 74' lang='lat' dir='ltr'>praeponere</span> <span class='ocrx_word' id='word_1_68' title='bbox 866 2363 997 2428; x_wconf 86' lang='lat' dir='ltr'>olivam.</span> 
     </span>
     <span class='ocr_line' id='line_1_15' title="bbox 225 2461 1057 2543; baseline 0 -17"><span class='ocrx_word' id='word_1_69' title='bbox 225 2461 400 2543; x_wconf 88' lang='lat' dir='ltr'>Plurimus,</span> <span class='ocrx_word' id='word_1_70' title='bbox 415 2462 780 2543; x_wconf 81' lang='lat' dir='ltr'>inJunonishonorem,</span> <span class='ocrx_word' id='word_1_71' title='bbox 1052 2474 1057 2482; x_wconf 85' lang='lat'>&#39;</span> 
     </span>
     <span class='ocr_line' id='line_1_16' title="bbox 184 2560 976 2646; baseline 0.003 -21"><span class='ocrx_word' id='word_1_72' title='bbox 184 2561 309 2644; x_wconf 83' lang='lat' dir='ltr'>Aptum</span> <span class='ocrx_word' id='word_1_73' title='bbox 323 2561 408 2625; x_wconf 88' lang='lat' dir='ltr'>dicet</span> <span class='ocrx_word' id='word_1_74' title='bbox 422 2562 514 2644; x_wconf 90' lang='lat' dir='ltr'>equis</span> <span class='ocrx_word' id='word_1_75' title='bbox 528 2563 632 2644; x_wconf 79' lang='lat' dir='ltr'>Argos</span> <span class='ocrx_word' id='word_1_76' title='bbox 646 2560 793 2645; x_wconf 90' lang='lat' dir='ltr'>ditesque</span> <span class='ocrx_word' id='word_1_77' title='bbox 808 2563 976 2646; x_wconf 83' lang='lat' dir='ltr'>Mycenas.</span> 
     </span>
     <span class='ocr_line' id='line_1_17' title="bbox 225 2659 1208 2743; baseline 0 -19"><span class='ocrx_word' id='word_1_78' title='bbox 225 2659 356 2724; x_wconf 84' lang='lat' dir='ltr'>Moneo</span> <span class='ocrx_word' id='word_1_79' title='bbox 371 2659 829 2743; x_wconf 81' lang='lat' dir='ltr'>tempatiensLacedeemon,</span> <span class='ocrx_word' id='word_1_80' title='bbox 1168 2662 1208 2724; x_wconf 90' lang='lat'>10</span> 
     </span>
     <span class='ocr_line' id='line_1_18' title="bbox 185 2758 972 2844; baseline 0.001 -21"><span class='ocrx_word' id='word_1_81' title='bbox 185 2758 254 2823; x_wconf 87' lang='lat' dir='ltr'>Nec</span> <span class='ocrx_word' id='word_1_82' title='bbox 268 2769 338 2823; x_wconf 86' lang='lat' dir='ltr'>tam</span> <span class='ocrx_word' id='word_1_83' title='bbox 351 2758 501 2824; x_wconf 77' lang='lat' dir='ltr'>Larissae</span> <span class='ocrx_word' id='word_1_84' title='bbox 514 2760 672 2842; x_wconf 81' lang='lat' dir='ltr'>percussit</span> <span class='ocrx_word' id='word_1_85' title='bbox 685 2778 822 2844; x_wconf 87' lang='lat' dir='ltr'>campus</span> <span class='ocrx_word' id='word_1_86' title='bbox 837 2761 972 2843; x_wconf 85' lang='lat' dir='ltr'>opimae,</span> 
     </span>
     <span class='ocr_line' id='line_1_19' title="bbox 226 2858 856 2939; baseline 0 -18"><span class='ocrx_word' id='word_1_87' title='bbox 226 2859 343 2930; x_wconf 75' lang='lat' dir='ltr'>Quam</span> <span class='ocrx_word' id='word_1_88' title='bbox 356 2858 472 2922; x_wconf 92' lang='lat' dir='ltr'>domus</span> <span class='ocrx_word' id='word_1_89' title='bbox 486 2859 654 2923; x_wconf 82' lang='lat' dir='ltr'>Albuneae</span> <span class='ocrx_word' id='word_1_90' title='bbox 669 2859 856 2939; x_wconf 88' lang='lat' dir='ltr'>resonantis,</span> 
     </span>
     <span class='ocr_line' id='line_1_20' title="bbox 185 2955 952 3040; baseline 0 -19"><span class='ocrx_word' id='word_1_91' title='bbox 185 2956 231 3021; x_wconf 84' lang='lat' dir='ltr'>Et</span> <span class='ocrx_word' id='word_1_92' title='bbox 243 2976 395 3040; x_wconf 84' lang='lat' dir='ltr'>praeceps</span> <span class='ocrx_word' id='word_1_93' title='bbox 409 2957 496 3021; x_wconf 78' lang='lat' dir='ltr'>Anio</span> <span class='ocrx_word' id='word_1_94' title='bbox 509 2978 548 3022; x_wconf 85' lang='lat' dir='ltr'>ac</span> <span class='ocrx_word' id='word_1_95' title='bbox 563 2958 704 3024; x_wconf 77' lang='lat' dir='ltr'>Tiburni</span> <span class='ocrx_word' id='word_1_96' title='bbox 718 2958 822 3039; x_wconf 88' lang='lat' dir='ltr'>lucus,</span> <span class='ocrx_word' id='word_1_97' title='bbox 838 2967 870 3022; x_wconf 94' lang='lat' dir='ltr'>et</span> <span class='ocrx_word' id='word_1_98' title='bbox 884 2955 952 3021; x_wconf 91' lang='lat' dir='ltr'>uda</span> 
     </span>
     <span class='ocr_line' id='line_1_21' title="bbox 226 3055 661 3140; baseline 0.002 -21"><span class='ocrx_word' id='word_1_99' title='bbox 226 3055 404 3120; x_wconf 84' lang='lat' dir='ltr'>Mobilibus</span> <span class='ocrx_word' id='word_1_100' title='bbox 417 3058 561 3140; x_wconf 88' lang='lat' dir='ltr'>pomaria</span> <span class='ocrx_word' id='word_1_101' title='bbox 574 3059 661 3122; x_wconf 84' lang='lat' dir='ltr'>rivis.</span> 
     </span>
     <span class='ocr_line' id='line_1_22' title="bbox 183 3154 875 3240; baseline -0.001 -19"><span class='ocrx_word' id='word_1_102' title='bbox 183 3154 291 3221; x_wconf 76' lang='lat' dir='ltr'>Albus</span> <span class='ocrx_word' id='word_1_103' title='bbox 305 3164 343 3218; x_wconf 88' lang='lat' dir='ltr'>ut</span> <span class='ocrx_word' id='word_1_104' title='bbox 356 3156 491 3220; x_wconf 88' lang='lat' dir='ltr'>obscuro</span> <span class='ocrx_word' id='word_1_105' title='bbox 503 3156 645 3240; x_wconf 81' lang='lat' dir='ltr'>deterget</span> <span class='ocrx_word' id='word_1_106' title='bbox 658 3156 773 3221; x_wconf 85' lang='lat' dir='ltr'>nubila</span> <span class='ocrx_word' id='word_1_107' title='bbox 786 3156 875 3220; x_wconf 89' lang='lat' dir='ltr'>coelo</span> 
     </span>
     <span class='ocr_line' id='line_1_23' title="bbox 226 3254 861 3340; baseline -0.003 -20"><span class='ocrx_word' id='word_1_108' title='bbox 226 3256 332 3338; x_wconf 84' lang='lat' dir='ltr'>Saepe</span> <span class='ocrx_word' id='word_1_109' title='bbox 346 3254 460 3336; x_wconf 86' lang='lat' dir='ltr'>Notus,</span> <span class='ocrx_word' id='word_1_110' title='bbox 475 3274 581 3339; x_wconf 88' lang='lat' dir='ltr'>neque</span> <span class='ocrx_word' id='word_1_111' title='bbox 594 3257 731 3340; x_wconf 84' lang='lat' dir='ltr'>parturit</span> <span class='ocrx_word' id='word_1_112' title='bbox 744 3256 861 3319; x_wconf 89' lang='lat' dir='ltr'>imbres</span> 
     </span>
     <span class='ocr_line' id='line_1_24' title="bbox 186 3354 910 3440; baseline -0.001 -22"><span class='ocrx_word' id='word_1_113' title='bbox 186 3354 369 3437; x_wconf 84' lang='lat' dir='ltr'>Perpetuos,</span> <span class='ocrx_word' id='word_1_114' title='bbox 384 3355 431 3418; x_wconf 89' lang='lat' dir='ltr'>sic</span> <span class='ocrx_word' id='word_1_115' title='bbox 445 3364 483 3419; x_wconf 90' lang='lat' dir='ltr'>tu</span> <span class='ocrx_word' id='word_1_116' title='bbox 496 3361 625 3440; x_wconf 80' lang='lat' dir='ltr'>sapiens</span> <span class='ocrx_word' id='word_1_117' title='bbox 640 3355 733 3419; x_wconf 83' lang='lat' dir='ltr'>finire</span> <span class='ocrx_word' id='word_1_118' title='bbox 747 3362 910 3419; x_wconf 87' lang='lat' dir='ltr'>memento</span> 
     </span>
     <span class='ocr_line' id='line_1_25' title="bbox 225 3453 716 3538; baseline 0 -20"><span class='ocrx_word' id='word_1_119' title='bbox 225 3453 411 3518; x_wconf 82' lang='lat' dir='ltr'>Tristitiem</span> <span class='ocrx_word' id='word_1_120' title='bbox 423 3455 576 3538; x_wconf 83' lang='lat' dir='ltr'>vitaeque</span> <span class='ocrx_word' id='word_1_121' title='bbox 589 3455 716 3518; x_wconf 88' lang='lat' dir='ltr'>labores</span> 
     </span>
    </p>
   </div>
   <div class='ocr_carea' id='block_1_6' title="bbox 183 3649 1203 3813">
    <p class='ocr_par' dir='ltr' id='par_1_6' title="bbox 183 3649 1203 3813">
     <span class='ocr_line' id='line_1_26' title="bbox 183 3649 1203 3716; baseline -0.004 -11"><span class='ocrx_word' id='word_1_122' title='bbox 183 3652 302 3705; x_wconf 67' lang='lat' dir='ltr'>uriae.</span> <span class='ocrx_word' id='word_1_123' title='bbox 321 3650 453 3716; x_wconf 77' lang='lat' dir='ltr'>Ephesum</span> <span class='ocrx_word' id='word_1_124' title='bbox 535 3657 768 3714; x_wconf 57' lang='lat' dir='ltr'>acmantum.</span> <span class='ocrx_word' id='word_1_125' title='bbox 845 3649 1203 3714; x_wconf 58' lang='lat' dir='ltr'>cettoelsbrmdndm</span> 
     </span>
     <span class='ocr_line' id='line_1_27' title="bbox 283 3731 1197 3813; baseline -0.004 -27"><span class='ocrx_word' id='word_1_126' title='bbox 283 3735 309 3786; x_wconf 77' lang='grc'>7.</span> <span class='ocrx_word' id='word_1_127' title='bbox 325 3733 454 3797; x_wconf 77' lang='lat' dir='ltr'>decerptus</span> <span class='ocrx_word' id='word_1_128' title='bbox 464 3732 669 3799; x_wconf 67' lang='lat' dir='ltr'>froumdmj.</span> <span class='ocrx_word' id='word_1_129' title='bbox 752 3733 777 3784; x_wconf 83' lang='grc'>9.</span> <span class='ocrx_word' id='word_1_130' title='bbox 794 3731 860 3784; x_wconf 84' lang='lat' dir='ltr'>dicit.</span> <span class='ocrx_word' id='word_1_131' title='bbox 939 3733 978 3783; x_wconf 82' lang='grc'>15.</span> <span class='ocrx_word' id='word_1_132' title='bbox 995 3731 1105 3795; x_wconf 64' lang='lat' dir='ltr'>deterrit</span> <span class='ocrx_word' id='word_1_133' title='bbox 1194 3806 1197 3813; x_wconf 22' lang='grc' dir='ltr'><em>ι</em></span> 
     </span>
    </p>
   </div>
   <div class='ocr_carea' id='block_1_7' title="bbox 609 3812 794 3941">
    <p class='ocr_par' dir='ltr' id='par_1_7' title="bbox 609 3812 794 3941">
     <span class='ocr_line' id='line_1_28' title="bbox 609 3812 794 3941; baseline 0 -79"><span class='ocrx_word' id='word_1_134' title='bbox 609 3814 648 3863; x_wconf 89' lang='grc'>17.</span> <span class='ocrx_word' id='word_1_135' title='bbox 665 3812 794 3941; x_wconf 58' lang='grc' dir='ltr'>Ριοψθωο.</span> 
     </span>
     <span class='ocr_line' id='line_1_29' title="bbox 699 3894 715 3924; baseline 0 0"><span class='ocrx_word' id='word_1_136' title='bbox 699 3894 715 3924; x_wconf 73' lang='grc' dir='ltr'>ι</span> 
     </span>
    </p>
   </div>
   <div class='ocr_carea' id='block_1_8' title="bbox 0 0 1426 4342">
    <p class='ocr_par' dir='ltr' id='par_1_8' title="bbox 0 0 1426 4342">
     <span class='ocr_line' id='line_1_30' title="bbox 0 0 1426 4342; baseline 0 0"><span class='ocrx_word' id='word_1_137' title='bbox 0 0 1426 4342; x_wconf 95' lang='lat' dir='ltr'> </span> 
     </span>
    </p>
   </div>
  </div>
 </body>
</html>
