2842 4342
239 319 311 392 156
668 332 816 385 noooou

300 494 497 574 Indomitam
511 499 658 574 properat
671 490 793 556 rabiem
807 489 937 573 sedare3
960 508 1066 575 neque
1080 490 1128 555 illr

341 594 418 658 Jam
431 602 542 655 manet
555 589 692 655 humida
706 599 795 653 creta
808 589 960 673 colorque
1214 591 1255 654 10

300 693 442 757 Stercore
456 690 588 754 fucatus
602 689 762 770 crocodili,
773 691 908 773 jamque
922 689 1073 754 subando

342 791 450 855 Tenta
463 789 584 853 cubilia
599 799 748 871 tectaque
762 789 901 872 rumpit!

299 890 359 954 Vel
373 910 448 954 mea
462 908 540 952 cum
554 888 661 951 saevis
675 889 777 970 agitat
791 887 922 951 fastidia
935 888 1060 952 verbis:

341 988 479 1053 Inachia
493 987 630 1070 langues
644 987 763 1067 minus,
778 1006 817 1049 ac
831 1006 905 1049 mo:

299 1088 468 1152 Inachiam
484 1097 531 1150 ter
543 1095 637 1150 nocte
651 1095 749 1169 potes,
765 1086 847 1150 mihi
861 1105 987 1169 semper
1000 1084 1043 1148 ad
1058 1102 1163 1148 unum
1212 1084 1254 1150 15

341 1186 451 1252 Mollis
464 1205 554 1269 opus.
598 1185 713 1249 Pereat
726 1184 821 1265 male,
836 1204 921 1267 quae
935 1194 967 1248 tc

299 1286 425 1365 Lesbia,
442 1284 609 1367 quaerenti
623 1293 763 1364 tainum,
779 1283 970 1347 monstravit
983 1283 1126 1362 inertem,

343 1385 429 1448 Cum
443 1384 525 1447 mihi
539 1384 627 1447 Cous
641 1382 770 1447 adesset
783 1383 953 1466 Amyntas

300 1484 402 1568 Cujus
417 1484 451 1547 in
466 1483 621 1547 indomito
635 1482 832 1546 constantior
848 1482 981 1566 inguine
995 1500 1124 1563 nervus,

341 1584 456 1655 Quam
470 1602 557 1646 nova
569 1581 706 1647 collibus
721 1583 814 1646 arbor
827 1582 980 1646 inhaeret
1210 1581 1256 1646 20

300 1683 480 1747 Muricibua
495 1682 608 1765 Tyriis
622 1682 754 1747 iteratae
769 1681 889 1745 vellera
902 1681 998 1745 lanae

341 1781 405 1846 Cui
420 1781 694 1865 properabanturi
737 1781 817 1846 'l'ibi
831 1800 956 1864 nempe,

302 1879 352 1944 Ne
367 1880 446 1944 foret
459 1879 612 1963 aequales
627 1881 708 1944 inter
723 1881 871 1962 conviva,
886 1880 992 1964 magis
1005 1891 1106 1964 quem

347 1979 499 2063 Diligoret
512 1980 629 2044 mulier
642 1999 712 2061 sua,
728 1999 830 2062 quam
843 1991 883 2043 te.

300 2077 331 2142 Ο
345 2097 405 2160 ego
419 2098 485 2142 non
499 2078 587 2160 felix,
603 2098 705 2162 quam
719 2078 866 2161 tuingia,
883 2089 920 2143 ut
933 2088 1031 2163 pavet
1045 2095 1134 2142 aoros
1207 2076 1252 2142 25

314 2258 317 2263 Ι
342 2177 438 2260 Agna
453 2177 554 2260 lupos,
569 2197 769 2263 capreaeque
783 2177 911 2242 leones!

688 2493 806 2507 u-

599 2750 781 2814 OARMEN
807 2750 903 2813 XIIL

590 2950 652 2993 An
688 2949 907 2994 sulcos·

240 3124 378 3191 Horrida
392 3135 565 3213 tempestas
579 3127 708 3191 coelum
723 3128 893 3207 contraxit,
908 3136 941 3190 et
955 3126 1073 3191 imbres
1150 3125 1158 3138 '

284 3225 448 3307 Nivesque
462 3225 628 3321 deducunt
641 3226 776 3291 Jovem:
799 3244 888 3291 nunc
903 3245 999 3305 mare,
1015 3243 1103 3288 nunc
1118 3223 1223 3289 siluae

241 3324 393 3390 Threicio
408 3325 568 3407 Aquilone
583 3336 708 3390 sonant
752 3326 942 3408 Rapiamus,
958 3324 1063 3405 amici,

284 3423 497 3489 Occasionem
512 3424 552 3488 de
566 3424 628 3504 die,
643 3424 788 3506 dumque
802 3426 907 3488 virent
924 3443 1033 3507 genua

242 3522 288 3586 Et
301 3521 401 3586 decet
416 3521 557 3585 obducta
571 3524 716 3587 solvatur
730 3522 832 3587 fronte
846 3534 1005 3587 senectus.
1237 3518 1260 3584 ὅ

284 3620 342 3687 uu
357 3639 434 3684 vrna
449 3621 616 3703 Torquato
630 3643 726 3689 move
739 3622 872 3688 consule
887 3642 996 3707 pressa
1011 3639 1092 3685 meo

629 3821 669 3870 2⁵.
686 3819 710 3869 Ο
721 3836 768 3884 ego
778 3822 869 3872 inlellx.
