2842 4342
235 302 306 373 306
393 387 395 390 y
561 314 613 365 nn
637 314 736 365 anns
759 313 923 365 nomon

234 474 380 558 Fingeris
393 474 437 537 ad
451 484 584 550 rectum,
599 483 632 536 et
645 491 701 554 per
715 482 746 534 te
761 470 856 555 sapis,
872 471 933 534 hoc
948 471 1005 536 tibi
1019 471 1145 536 dictum

232 574 328 639 Tolle
342 592 484 637 memort
506 572 601 636 cartis
614 571 760 636 medium
774 582 807 634 et
820 571 983 635 tolerabile
998 572 1094 636 rebus

232 673 331 739 Recte
346 672 694 736 concedi—consultus
704 672 785 756 Juris
800 682 832 734 et
846 683 935 734 actor

233 776 417 839 Causarum
431 771 609 852 mediocris,
625 773 715 835 abest
730 771 848 834 virtute
862 770 970 834 diserti
1191 771 1260 835 3⁷0

233 871 403 952 Messalae,
419 891 479 935 nec
494 872 563 952 scit,
578 880 741 953 quantum
755 870 935 934 Cascellius
949 870 1075 933 Aulus:

233 973 298 1037 Sed
313 982 423 1036 tamen
437 972 472 1034 in
486 972 586 1053 pretio
600 969 927 1053 est3-medioc1ibus
941 990 1011 1032 esse
1025 970 1136 1052 poetis,

234 1074 308 1136 Nou
323 1073 479 1152 homines,
494 1090 562 1135 non
576 1071 618 1153 dt,
634 1090 700 1134 non
714 1089 899 1134 concessere
913 1070 1094 1133 columnae.

234 1171 279 1235 Ut
293 1182 401 1253 gratas
415 1172 498 1234 inter
510 1189 641 1234 mensas
656 1169 854 1253 symphonia
868 1169 988 1232 discors

234 1270 280 1333 Et
293 1289 440 1334 crassum
456 1280 661 1351 unguentum
675 1279 707 1332 et
722 1268 825 1333 Sardo
835 1288 912 1332 cum
926 1268 1022 1331 melle
1036 1287 1180 1351 papaver
1192 1267 1257 1332 375

233 1367 421 1448 Offendunt,
437 1379 560 1451 poterat
572 1368 649 1432 duci
663 1370 741 1451 quia
756 1388 857 1432 coena
872 1369 941 1431 sine
956 1368 1043 1430 istis:

233 1466 288 1532 Sic
303 1466 421 1529 animis
436 1477 552 1530 natum
567 1466 801 1550 inventumque
815 1487 932 1550 poema
940 1466 1105 1551 juvandis,

234 1565 271 1630 si
285 1564 435 1647 paullum
450 1584 580 1630 summo
594 1564 739 1648 decessit,
754 1567 858 1649 vergit
872 1566 914 1629 ad
929 1567 1041 1629 imum.

235 1663 362 1728 Ludere
377 1666 434 1747 qni
448 1666 558 1744 nescit,
573 1667 809 1749 campestribus
824 1666 963 1729 abstinet
977 1665 1085 1745 armis,
1143 1680 1146 1687 '

235 1766 455 1850 Indoctusque
468 1766 554 1850 pilae
568 1765 690 1828 discive
705 1766 848 1829 trochive
862 1767 1007 1847 quiescit,
1193 1763 1260 1831 38⁰

237 1865 287 1930 Ne
301 1867 424 1949 spissae
438 1867 540 1929 risum
555 1863 669 1928 tollant
683 1865 816 1948 impune
831 1884 985 1947 coronae3

237 1966 309 2035 uui
322 1967 432 2045 nescit,
448 1983 562 2029 versus
576 1974 686 2028 tamen
700 1964 800 2028 audet
814 1963 1157 2047 fingeret-Quidum

237 2063 333 2127 Liber
346 2076 379 2129 et
392 2066 564 2147 ingennus,
579 2065 766 2147 praesertim
779 2083 897 2127 census
912 2074 1093 2146 equestrem

237 2163 410 2227 Summam
423 2183 640 2244 nummonrm,
656 2164 798 2246 vitioque
813 2174 953 2227 remotus
968 2164 1012 2227 ab
1024 2161 1112 2226 omni
1122 2160 1183 2224 l·-

236 2262 294 2327 'I'u
309 2261 391 2324 nihil
405 2261 508 2325 invita
522 2263 610 2327 dices
624 2264 765 2327 faciesve
780 2263 936 2343 Minerva,
1192 2261 1259 2325 385

222 2361 276 2426 ,ld
290 2361 348 2424 tibi
358 2361 518 2446 judIcium
532 2373 589 2442 est,
605 2383 645 2426 ea
658 2382 771 2426 mens:
793 2362 913 2446 siquid
928 2374 1037 2426 umen
1050 2362 1129 2426 olim

237 2460 416 2543 Scripseris,
432 2461 465 2524 in
481 2461 562 2524 Mett
576 2461 752 2526 descendat
762 2461 882 2546 judicis
896 2482 1000 2543 aures,

237 2559 283 2623 Et
297 2559 403 2641 patris,
419 2569 452 2621 et
464 2571 598 2641 nostras,
614 2580 803 2642 nonumque
818 2571 981 2645 prematur
995 2562 1028 2624 in
1042 2580 1178 2642 annum,

238 2658 436 2722 Membranis
451 2658 539 2721 intus
553 2660 672 2742 positis.
717 2659 831 2723 Delere
846 2660 960 2739 licebit,

237 2756 338 2828 Quod
353 2776 419 2821 non
433 2757 588 2841 edideris;
612 2759 715 2822 nescit
728 2778 794 2822 vox
809 2760 910 2822 missa
924 2759 1047 2822 reverti.
1191 2756 1258 2821 390

238 2856 407 2920 Silvestres
422 2856 569 2920 homines
584 2878 675 2921 sacer
689 2858 908 2940 interpresque
921 2857 1056 2921 deornm

238 2954 403 3019 Caedlbus
417 2964 449 3018 et
463 2955 553 3019 victu
567 2956 661 3019 foedo
675 2956 828 3021 deterruit
842 2957 1001 3039 Orpheus,

239 3053 356 3118 Dictus
370 3053 412 3118 ob
425 3056 488 3118 hoc
503 3054 601 3118 lenire
617 3056 713 3139 tigres
728 3055 920 3137 rabidosque
935 3055 1052 3119 leones.

240 3154 356 3218 Dictus
370 3165 402 3217 et
416 3154 588 3238 Amphion,
604 3155 786 3218 Thebanae
800 3155 944 3219 conditor
958 3156 1040 3218 arcis

239 3253 330 3317 Saxa
343 3272 471 3318 movere
485 3274 564 3318 sono
578 3254 757 3335 testudinis,
773 3265 805 3317 et
819 3275 911 3337 prece
925 3254 1046 3319 blanda
1196 3254 1261 3317 395

239 3353 374 3433 Ducere,
389 3373 454 3435 quo
469 3355 573 3417 vellet.
617 3355 696 3417 Fuit
710 3354 791 3417 haec
807 3356 965 3437 sapientia
978 3353 1156 3437 quondam,

240 3450 375 3515 Publica
389 3453 522 3535 privatis
536 3470 707 3534 secernere,
724 3473 816 3516 sacra
829 3453 980 3537 profanis,

239 3549 421 3614 Concubitu
436 3553 601 3633 prohibere
616 3572 708 3635 vago,
724 3552 801 3615 dare
811 3554 885 3637 jura
900 3552 1032 3632 maritis,

669 3781 817 3832 mana
