2842 4342
488 360 647 411 amana
697 362 794 412 ram
1079 338 1151 418 att

174 520 295 605 Sponsi
309 517 500 600 Penelopea,
515 518 702 597 nebulones,
717 517 908 601 Alcinoique

174 622 216 686 In
229 630 306 685 cute
319 616 466 682 curanda
478 616 554 701 plus
568 635 673 700 aequo
687 626 817 700 operata
826 618 991 701 juventus,

175 721 241 785 Oui
255 717 431 803 pulchrum
445 716 508 781 suit
521 717 556 781 iu
570 716 695 781 medios
710 716 847 781 dormire
860 715 939 799 dies,
953 728 987 782 et
1111 719 1154 783 30
1172 758 1176 767 ·

175 819 229 885 Ad
243 819 415 903 strepitum
427 817 573 882 citharae
585 827 751 882 cessatum
764 817 882 881 ducere
895 837 1018 883 curam

177 920 222 984 Ut
229 917 385 1004 jugulent
400 918 555 997 homines,
571 927 710 1000 surgunt
724 916 764 980 de
778 928 872 982 nocte
887 919 1043 983 latrones:

177 1019 222 1085 Ut
236 1030 270 1082 te
284 1010 393 1102 ipsu'm
406 1036 522 1098 serves,
538 1036 605 1081 nou
619 1017 872 1100 expergisceris?
915 1019 1017 1101 Atqui

176 1120 213 1184 Si
227 1117 322 1182 noles
336 1136 445 1198 sanus,
461 1136 570 1181 curres
584 1115 800 1200 hydropicum
823 1126 856 1181 et
869 1118 905 1181 ni

177 1217 299 1281 Posces
313 1227 389 1282 ante
402 1216 490 1281 diem
504 1216 623 1281 librum
637 1235 716 1280 cum
728 1216 861 1297 lumine,
877 1218 905 1281 si
919 1236 986 1282 uon
1114 1216 1156 1281 35

177 1315 333 1383 Intendes
347 1316 496 1381 animum
509 1315 626 1380 studiis
640 1326 674 1380 et
686 1316 783 1380 rebus
796 1317 949 1398 honestis,

177 1415 311 1480 Invidia
324 1415 378 1480 vel
391 1435 499 1480 amore
513 1416 593 1500 vigil
607 1416 801 1499 torquebere.
846 1417 1013 1498 Numam,

178 1515 280 1586 Quae
295 1514 430 1578 laedunt
443 1515 585 1596 oculum,
600 1514 735 1579 festinas
749 1515 895 1581 demere:
918 1516 1040 1600 siquid

82 1636 89 1649 ·
163 1615 244 1681 „Est
258 1615 416 1694 animum,
431 1613 540 1678 differs
553 1614 689 1679 curandi
704 1626 833 1700 tempus
847 1616 882 1680 in
896 1615 1046 1680 annuml

86 1696 96 1709 '
180 1713 364 1778 Dimidium
378 1711 463 1793 ocu
479 1713 536 1795 qui
550 1715 662 1798 eoepit,
677 1715 795 1798 haben
819 1734 929 1798 sapere
944 1714 1050 1795 auom
1116 1714 1158 1777 m

180 1812 312 1896 Incipe!
355 1812 427 1883 Qui
440 1822 524 1875 recte
538 1812 670 1877 vivendi
684 1824 833 1897 prorogat
847 1813 969 1893 horam,

180 1912 338 1977 Rusticus
352 1921 526 1994 exspectat,
542 1911 622 1976 dum
637 1911 762 1976 defluat
776 1912 901 1994 amnis;
924 1922 959 1975 at
972 1910 1027 1975 ille

180 2012 318 2077 Labitur
330 2020 363 2075 et
377 2010 503 2075 labetrrr
516 2011 551 2075 in
565 2031 661 2075 omne
676 2011 829 2075 volubilis
844 2031 972 2075 aevum

181 2111 361 2182 Quaeritur
374 2120 553 2194 argentum,
567 2112 739 2194 puerisque
755 2112 850 2176 beata
863 2110 1011 2176 creandis

180 2210 281 2291 Uxor,
296 2219 329 2275 et
343 2210 485 2275 incultae
499 2221 658 2295 pacantur
672 2230 800 2275 vomere
815 2210 925 2275 silvae.
1115 2210 1158 2276 45

180 2310 283 2380 Quod
299 2311 379 2375 satis
392 2321 442 2375 est
455 2312 509 2376 cni
522 2312 689 2395 contingit,
705 2310 752 2375 nil
766 2312 908 2395 amplius
921 2321 1016 2395 optet

180 2409 258 2475 Non
271 2410 389 2475 domus
403 2422 435 2475 et
448 2410 581 2493 fundus,
596 2430 663 2475 non
677 2412 760 2475 aeris
774 2431 909 2475 acervus
925 2422 957 2475 et
970 2412 1041 2477 auri
1107 2443 1112 2452 ·

80 2530 84 2539 ·
180 2508 321 2592 Aegroto
334 2510 457 2575 domini
471 2509 609 2574 deduxit
622 2530 752 2594 corpore
766 2509 878 2592 febres,

180 2607 258 2673 Nou
272 2609 382 2674 auimo
396 2613 509 2674 cu'ras:
529 2610 639 2674 ualeat
651 2629 814 2694 possessor
827 2620 957 2694 oportet,

180 2707 219 2773 si
233 2709 437 2792 comportatis
452 2710 548 2773 'rebus
561 2709 644 2775 benc
658 2711 779 2794 cogitat
793 2711 852 2775 uti.
1115 2709 1159 2773 50

181 2807 255 2877 Qui
267 2810 358 2892 cupit
371 2819 429 2872 aut
442 2810 565 2891 metuit,
576 2810 672 2894 Juvat
685 2810 782 2875 illum
796 2811 843 2874 sic
857 2808 975 2873 domus
989 2818 1022 2873 et
1034 2828 1093 2890 res,

181 2904 229 2970 Ut
243 2905 368 2990 lippum
382 2909 486 2991 pictae
501 2909 640 2991 tabulae,
655 2907 800 2974 fomenta
813 2907 999 2993 podagram,
1198 2904 1200 2909 ’

183 3005 357 3070 Auriculas
370 3008 513 3072 citharae
527 3008 662 3072 collecta
676 3009 769 3073 sorde
783 3007 937 3097 dolentes.

182 3104 355 3170 sincerum
368 3109 494 3172 estnisi
508 3128 577 3189 vas,
593 3109 812 3193 quodcunque
827 3107 980 3187 infundis,
996 3107 1123 3171 acescit

181 3204 306 3287 Sperne
319 3206 519 3291 voluptates3
542 3219 638 3272 nocet
651 3220 762 3293 empta
775 3208 882 3273 dolore
897 3208 1058 3292 voluptas.
1116 3209 1158 3273 55

181 3304 317 3388 Semper
330 3302 450 3371 avarus
464 3318 554 3391 eget;
578 3320 705 3374 certum
718 3319 793 3372 voto
807 3319 879 3391 pete
894 3307 1003 3371 finem

182 3403 320 3469 Invidus
333 3406 465 3472 alterius
480 3410 649 3473 macrescit
663 3409 759 3473 rebus
773 3408 909 3491 opimis:

182 3503 312 3568 Invidia
326 3505 430 3571 Siculi
443 3527 511 3572 non
524 3509 676 3573 invenere
691 3509 822 3592 tyranni

181 3601 291 3687 Majus
306 3615 510 3670 tormentum.
554 3609 626 3679 Qui
640 3628 706 3672 non
721 3608 939 3673 moderabitur
952 3607 1027 3690 irae,

181 3701 344 3769 infectum
359 3706 447 3770 volet
460 3728 539 3787 esec,
555 3707 645 3772 dolor
658 3709 747 3791 quod
762 3710 899 3773 suaserit
912 3719 945 3774 et
958 3729 1059 3791 mens,
1117 3709 1160 3774 60

182 3800 273 3868 Dum
287 3823 408 3889 poenas
423 3807 496 3871 odio
509 3808 648 3891 pervim
662 3808 793 3873 festinat
807 3810 919 3875 inulto.
