2842 4342
561 346 721 441 amnne
773 345 881 399 arn
1160 330 1227 400 181

211 502 654 571 Prodideritoommissafide
668 522 865 585 sponsumve
879 502 1029 586 negarit?
1186 504 1228 568 95

209 608 298 678 Quts
312 606 404 689 puris
417 620 489 667 esse
503 602 569 667 fero
583 603 705 685 placuit
720 612 862 685 peecata,
878 601 1032 682 laborant,

210 709 297 769 Cum
308 715 445 768 ventum
455 700 499 765 ad
508 721 623 765 verum
637 713 704 765 est:
727 720 843 765 seusus
857 720 1024 784 moresque
1038 712 1228 786 repugnant,

211 808 318 887 Atque
333 804 404 887 ipsa
419 802 551 881 utilitas,
562 803 641 885 justi
656 820 753 885 prope
768 811 917 864 meteret
931 802 1037 884 aequi.

212 906 298 967 Cum
312 912 535 986 prorepserunt
549 902 660 983 primis
675 900 832 964 animalia
846 900 945 980 terris,

212 1003 343 1066 Mutum
354 1013 387 1065 et
397 1013 489 1083 turpe
498 1018 606 1083 pecus,
617 1000 771 1082 glandem
781 1010 880 1083 atque
890 999 1012 1064 cubilia
1020 1010 1144 1082 propter
1166 1002 1228 1065 100

210 1102 386 1184 Unguibus
400 1111 432 1163 et
445 1100 571 1183 pugnis,
587 1099 662 1163 dein
676 1099 825 1179 fustibus,
840 1110 938 1181 atque
953 1101 998 1162 ita
1012 1118 1103 1182 porro

211 1202 409 1284 Pugnabunt
421 1200 529 1278 anuis,
545 1218 630 1281 quae
644 1210 716 1281 post
730 1198 941 1263 fabricaverat
956 1194 1054 1262 usus}

213 1301 324 1364 Donec
338 1301 445 1378 verba,
460 1299 579 1381 quibus
593 1316 689 1361 voces
704 1316 885 1380 sensusque
899 1308 1054 1379 notarent,

212 1400 417 1480 Nomiuaque
431 1400 601 1462 invenere:
624 1397 743 1460 dehine
758 1398 910 1460 absistere
924 1396 1016 1478 bello,

210 1498 340 1582 Oppida
353 1508 526 1580 coeperunt
539 1498 674 1576 munire,
689 1506 723 1560 et
737 1515 853 1579 ponere
868 1495 964 1578 leges,
1165 1496 1226 1561 los

201 1598 260 1661 ·Ne
273 1598 350 1679 quis
365 1595 417 1659 fur
430 1608 524 1676 esset,
539 1614 605 1659 neu
620 1596 710 1676 latro,
726 1615 790 1659 neu
805 1596 879 1677 quis
894 1594 1028 1659 adulter.

212 1698 298 1760 Nam
313 1695 376 1758 suit
389 1705 465 1758 aute
480 1694 640 1758 Helenum
654 1714 785 1757 cunnus
799 1694 959 1757 teterrima
972 1692 1049 1756 belii

210 1799 330 1873 Causa,
346 1795 403 1858 sed
419 1794 536 1877 ignotis
550 1794 711 1876 perierunt
724 1793 881 1856 mortibus
895 1791 951 1870 illi,

209 1896 306 1965 Quos
321 1894 478 1957 Venerem
493 1893 648 1955 incertam
662 1892 830 1973 rapientes,
845 1908 933 1953 more
948 1888 1094 1968 ferarum,

213 1994 340 2060 Viribus
354 1994 469 2057 editior
481 1992 644 2070 caedebat,
660 1992 746 2054 utin
760 2009 857 2073 grege
871 2000 994 2052 taurus.
1165 1989 1226 2052 110

209 2096 290 2159 Jurn
305 2095 439 2158 inventa
453 2101 543 2154 metu
558 2091 677 2174 injusti,
692 2088 811 2153 fateare
825 2108 957 2152 neeesse
972 2097 1029 2168 est,

209 2194 374 2276 'I'empora
388 2192 416 2255 si
431 2190 594 2272 fastosque
609 2189 691 2253 velis
705 2188 852 2252 evolvere
866 2187 991 2251 mundi.

210 2293 278 2357 Nec
292 2302 411 2355 natura
425 2300 528 2372 potest
536 2291 624 2372 justo
638 2307 801 2351 secernere
815 2288 973 2370 iniquum,

210 2390 336 2455 Dividit
350 2401 387 2453 ut
401 2389 486 2452 boue
500 2387 644 2467 diversis,
660 2386 817 2470 fugienda
830 2386 994 2468 petendis:

209 2489 278 2554 Nec
293 2490 403 2551 vineat
416 2487 496 2551 ratio
510 2487 582 2565 hoo,
598 2484 790 2549 tantundem
805 2493 842 2548 ut
856 2494 967 2567 peccet
980 2484 1140 2566 idemque,
1164 2484 1225 2548 115

209 2589 280 2659 Qui
294 2597 419 2650 teneros
433 2586 545 2649 caules
559 2586 656 2649 alieni
671 2586 799 2667 fregerit
812 2584 903 2664 horti,

210 2688 255 2750 Et
268 2687 327 2768 qui
341 2696 519 2749 nocturnus
533 2704 625 2748 sacra
638 2683 753 2747 divum
767 2682 886 2766 legerit
929 2681 1024 2747 Adsit

209 2784 345 2867 Regma,
361 2784 500 2866 peocatis
514 2801 599 2864 quae
613 2802 734 2865 poenas
747 2782 862 2865 irroget
876 2800 1016 2864 aeques;

209 2883 259 2948 Ne
274 2883 399 2947 scutica
413 2881 550 2966 dignum
566 2881 707 2945 horribili
722 2892 840 2945 sectere
855 2880 992 2964 flagello.

209 2982 307 3062 Num,
322 2993 359 3046 ut
373 2981 476 3046 ferula
490 2980 608 3046 caedas
619 2981 775 3045 meritum
790 2982 910 3066 majora
925 2980 1032 3044 subire
1165 2979 1227 3044 120

210 3083 360 3161 Verbera,
375 3100 440 3144 nou
455 3100 573 3161 vereor,
589 3100 666 3145 cum
680 3079 772 3144 dieas
787 3100 856 3144 esse
871 3100 963 3162 pares
978 3100 1028 3143 res

209 3183 315 3247 Furta
330 3180 504 3244 latrociniis
517 3190 549 3243 et
563 3180 692 3262 magnis
705 3199 807 3263 parva
822 3180 953 3242 mineris

211 3280 312 3344 Falce
325 3280 504 3343 recisurum
518 3278 615 3343 simili
630 3288 669 3358 te,
685 3279 713 3343 si
728 3278 784 3342 tibi
799 3296 936 3360 regnum

211 3380 403 3442 Permittant
417 3378 573 3443 homiues.
615 3379 651 3443 si
666 3378 766 3457 dives,
781 3376 838 3459 qui
853 3374 982 3457 sapiens
996 3384 1054 3454 est,

212 3477 256 3541 Et
270 3488 359 3540 sutor
373 3477 478 3541 bouus
492 3487 525 3541 et
538 3477 625 3541 solus
640 3475 799 3540 formosus
812 3484 844 3538 et
858 3483 908 3536 est
922 3494 996 3538 rex:
1166 3476 1227 3541 125

211 3576 279 3640 Gur
291 3586 385 3658 optas
399 3576 486 3658 quod
501 3576 601 3639 hebes
613 3575 746 3639 i-Nou
761 3574 854 3655 nosti,
869 3572 949 3656 quid
963 3574 1178 3657 puter,inquit,

211 3674 415 3759 Chrysippus
430 3674 533 3739 dicat:
556 3675 693 3757 Sapiens
707 3673 853 3756 crepidas
868 3674 928 3737 sibi
942 3692 1113 3756 nunquam

213 3773 280 3839 Neo
293 3774 400 3839 soleas
414 3773 509 3857 feeit,
532 3783 621 3837 sutor
634 3784 744 3837 tamen
758 3783 807 3837 est
820 3772 1085 3859 sapiens—Qui
1095 3772 1155 3835 1-
