2842 4342
513 382 687 435 amau.
736 383 828 436 am
1111 367 1183 439 211

161 541 334 607 Hesternia
347 540 437 604 vidia
451 540 600 604 animum
613 558 745 623 quoquo
760 551 952 624 praegravat
965 560 1042 622 una,

161 643 273 724 Atque
287 640 392 724 adigit
405 640 507 703 humo
520 639 652 704 divinae
665 640 859 723 particulam
872 660 980 705 aurae

161 742 264 821 Alter,
278 741 335 804 ubi
349 739 436 803 dioto
448 739 544 803 citius
557 750 671 803 curata
684 739 791 823 sopori
1141 740 1186 806 80

162 839 314 904 Membra
327 837 425 919 dedit,
440 848 576 922 vagetur
589 838 787 922 praescripta
800 837 843 901 ad
857 839 972 902 munia
985 839 1097 922 surgit

163 940 230 1004 Hic
245 950 356 1002 tamen
372 936 415 1000 ad
429 937 547 1001 melius
560 937 675 1020 poterit
689 946 905 1001 transcurrere
920 937 1095 1021 quondam,

162 1039 243 1103 Sive
258 1036 347 1100 diem
360 1034 480 1099 fratum
493 1035 620 1099 radiens
635 1035 803 1099 advexerit
817 1055 935 1117 annua,

162 1137 234 1201 seu
248 1154 389 1199 recreare
403 1133 491 1197 volat
504 1144 676 1198 tenuatum
688 1152 814 1217 eorpus,
830 1136 952 1218 ubique

163 1234 332 1299 Aooedent
346 1234 434 1314 anni,
448 1244 482 1297 at
495 1233 625 1298 tractari
638 1234 770 1299 mollius
783 1244 874 1298 aetas
1142 1234 1184 1298 86

164 1333 335 1398 imbecilla
348 1333 452 1416 volet;
476 1333 534 1397 tibi
548 1333 707 1416 quidnam
722 1333 854 1398 aoeadet
866 1333 910 1398 ad
925 1335 1030 1416 iatam,

164 1435 282 1504 Quam
296 1452 375 1517 puer
389 1445 421 1497 et
434 1432 565 1497 validus
579 1434 768 1516 praesumis,
783 1435 960 1515 mollitiem,
975 1453 1034 1499 seu

165 1534 260 1597 Dura
274 1532 428 1597 valetudo
441 1533 588 1597 inciderit
601 1552 660 1596 aeu
673 1533 767 1597 tarda
781 1534 953 1598 senectus?

164 1632 353 1697 danaidum
368 1650 482 1715 aprum
496 1632 623 1715 antiqui
637 1632 826 1712 laudabant,
841 1652 906 1697 nou
921 1632 1000 1715 quia
1013 1650 1114 1695 naeus

165 1732 234 1795 illia
248 1731 362 1796 nullua
376 1742 462 1813 arat3
485 1731 551 1812 aad,
566 1731 670 1813 oredo,
684 1733 749 1796 hac
763 1743 881 1813 mente,
896 1732 986 1815 quod
999 1733 1117 1816 hospes
1141 1735 1185 1798 90

164 1830 311 1895 Tardius
326 1830 503 1895 adveniens
517 1830 670 1894 vitiatum
684 1832 895 1911 oommodiua,
910 1850 1012 1913 quam

164 1929 332 2013 Integnrm
346 1928 433 1993 edax
446 1928 599 1994 dominun
612 1939 825 1993 consumeret
869 1930 938 1993 Hos
949 1930 1075 1994 utinam
1089 1930 1172 1993 inter

164 2028 289 2092 Heroas
303 2038 420 2092 natum
433 2028 531 2093 tellus
544 2049 597 2093 ma
611 2031 717 2112 prima
730 2028 876 2093 tulisset!

164 2127 234 2192 Dae
249 2127 372 2210 aliquid
387 2127 504 2209 famae,
519 2147 604 2211 quaa
618 2129 761 2193 carmine
775 2129 893 2213 gratior
906 2147 1019 2194 auram

164 2228 314 2311 Oocupat
328 2228 529 2292 humanam:
552 2228 691 2312 grandes
704 2229 831 2293 rhombi
846 2230 1040 2312 patinaeque
1137 2229 1180 2293 96

164 2325 296 2391 Grande
310 2325 419 2391 ferunt
432 2345 500 2390 una
513 2322 591 2391 oum
604 2327 725 2392 damno
739 2326 898 2412 dedaoua3
921 2327 1006 2392 adde

163 2425 288 2489 Iratum
303 2436 463 2508 patruum,
477 2425 610 2506 vicinos,
625 2437 656 2489 te
671 2427 730 2490 tibi
743 2427 902 2508 iniquum,

165 2524 210 2588 Et
224 2524 344 2588 frustra
356 2526 468 2588 mortis
482 2525 649 2608 cupidum,
663 2544 741 2590 oum
754 2526 854 2591 deerit
867 2526 974 2610 egenti

163 2624 220 2703 Aa,
235 2623 344 2706 laquei
358 2625 505 2706 pretium
548 2624 635 2705 Jure‚
651 2626 766 2709 inquit,
781 2627 944 2691 Trauoiua
959 2626 1029 2689 istia

162 2721 320 2804 iurgatur
333 2724 457 2787 verbio:
478 2742 539 2806 ego
551 2720 725 2808 voo'tigalia
740 2745 861 2809 magna
1121 2722 1184 2787 100
1229 2728 1231 2735 '

164 2821 371 2903 Divitianque
385 2822 491 2886 habeo
504 2824 606 2887 tribua
620 2824 748 2907 amplas
762 2826 900 2907 regibus.
945 2822 1041 2905 Ergo,

162 2919 267 2990 Quod
281 2932 419 3004 superat,
433 2941 500 2986 nou
513 2934 563 2987 eat
576 2923 694 2987 melius
708 2943 774 3007 quo
788 2925 949 2987 insumere
963 2922 1090 3006 porsiri

164 3018 232 3082 Cur
246 3030 320 3103 egat
334 3020 488 3104 indignus
501 3023 684 3105 quisquam,
701 3033 732 3087 te
745 3023 868 3087 divite?
890 3042 990 3106 quara

162 3118 306 3201 Templa
320 3130 420 3183 ruunt
433 3121 570 3204 antiqua
583 3121 704 3188 dedmi
726 3143 792 3203 our,
808 3122 959 3205 improbe,
974 3140 1068 3186 carae

162 3218 237 3282 Non
252 3218 378 3300 aliquid
392 3222 513 3304 patriae
528 3232 618 3286 tanto
632 3223 772 3287 emetiris
787 3222 925 3285 acervo'i
1120 3221 1181 3285 105

164 3315 231 3381 Uni
246 3318 402 3383 nimirum
415 3331 499 3384 recto
514 3322 571 3385 tibi
586 3342 711 3406 semper
724 3333 819 3385 erunt
834 3321 906 3384 resi

162 3416 193 3479 Ο
207 3436 351 3501 magnus
364 3421 499 3502 posthac
513 3423 653 3486 inimicis
668 3423 770 3486 risus!
814 3422 934 3485 Uterno

165 3515 215 3579 dd
228 3537 328 3581 casua
342 3517 457 3583 dubios
472 3519 551 3585 fidet
565 3522 626 3586 sibi
640 3521 782 3586 certius?
804 3521 866 3601 hic,
882 3520 939 3602 qui

272 3745 424 3812 79.ιῦρι
489 3750 788 3813 95.Οοωρεῐ,οη11ἑιι
852 3750 1081 3814 ”Ammin-

517 3829 828 3892 rodmundum.
