<?xml version="1.0" encoding="UTF-8"?>
<!DOCTYPE html PUBLIC "-//W3C//DTD XHTML 1.0 Transitional//EN"
    "http://www.w3.org/TR/xhtml1/DTD/xhtml1-transitional.dtd">
<html xmlns="http://www.w3.org/1999/xhtml" xml:lang="en" lang="en">
 <head>
  <title>
</title>
<meta http-equiv="Content-Type" content="text/html;charset=utf-8" />
  <meta name='ocr-system' content='tesseract 3.04.00' />
  <meta name='ocr-capabilities' content='ocr_page ocr_carea ocr_par ocr_line ocrx_word'/>
</head>
<body>
  <div class='ocr_page' id='page_1' title='image "./workshorace09horagoog_0317.png"; bbox 0 0 2842 4342; ppageno 0'>
   <div class='ocr_carea' id='block_1_1' title="bbox 479 346 1171 420">
    <p class='ocr_par' dir='ltr' id='par_1_1' title="bbox 479 346 1171 420">
     <span class='ocr_line' id='line_1_1' title="bbox 479 346 1171 420; baseline 0.013 -15"><span class='ocrx_word' id='word_1_1' title='bbox 479 350 638 407; x_wconf 71' lang='lat' dir='ltr'>imunt</span> <span class='ocrx_word' id='word_1_2' title='bbox 688 357 722 407; x_wconf 79' lang='lat' dir='ltr'>a</span> <span class='ocrx_word' id='word_1_3' title='bbox 748 357 840 409; x_wconf 79' lang='lat' dir='ltr'>xm</span> <span class='ocrx_word' id='word_1_4' title='bbox 1098 346 1171 420; x_wconf 78' lang='lat'>269</span> 
     </span>
    </p>
   </div>
   <div class='ocr_carea' id='block_1_2' title="bbox 151 513 1175 1591">
    <p class='ocr_par' dir='ltr' id='par_1_2' title="bbox 153 513 954 597">
     <span class='ocr_line' id='line_1_2' title="bbox 153 513 954 597; baseline 0.001 -18"><span class='ocrx_word' id='word_1_5' title='bbox 153 515 297 579; x_wconf 74' lang='lat' dir='ltr'>Vendere</span> <span class='ocrx_word' id='word_1_6' title='bbox 311 531 390 578; x_wconf 86' lang='lat' dir='ltr'>eum</span> <span class='ocrx_word' id='word_1_7' title='bbox 403 513 507 597; x_wconf 87' lang='lat' dir='ltr'>possis</span> <span class='ocrx_word' id='word_1_8' title='bbox 520 514 696 597; x_wconf 72' lang='lat' dir='ltr'>captivum,</span> <span class='ocrx_word' id='word_1_9' title='bbox 711 515 856 579; x_wconf 87' lang='lat' dir='ltr'>occidere</span> <span class='ocrx_word' id='word_1_10' title='bbox 870 515 954 581; x_wconf 89' lang='lat' dir='ltr'>noli:</span> 
     </span>
    </p>

    <p class='ocr_par' dir='ltr' id='par_1_3' title="bbox 151 613 1172 797">
     <span class='ocr_line' id='line_1_3' title="bbox 151 613 1172 696; baseline 0.003 -16"><span class='ocrx_word' id='word_1_11' title='bbox 151 615 276 680; x_wconf 84' lang='lat' dir='ltr'>Serviet</span> <span class='ocrx_word' id='word_1_12' title='bbox 291 613 427 677; x_wconf 79' lang='lat' dir='ltr'>utiliter:</span> <span class='ocrx_word' id='word_1_13' title='bbox 450 613 520 676; x_wconf 88' lang='lat' dir='ltr'>sine</span> <span class='ocrx_word' id='word_1_14' title='bbox 534 623 648 696; x_wconf 78' lang='lat' dir='ltr'>pascet</span> <span class='ocrx_word' id='word_1_15' title='bbox 660 613 764 677; x_wconf 75' lang='lat' dir='ltr'>diuus</span> <span class='ocrx_word' id='word_1_16' title='bbox 779 624 918 696; x_wconf 82' lang='lat' dir='ltr'>aretque,</span> <span class='ocrx_word' id='word_1_17' title='bbox 1128 619 1172 683; x_wconf 80' lang='lat'>⁷0</span> 
     </span>
     <span class='ocr_line' id='line_1_4' title="bbox 151 710 950 797; baseline -0.003 -19"><span class='ocrx_word' id='word_1_18' title='bbox 151 714 295 797; x_wconf 79' lang='lat' dir='ltr'>Naviget</span> <span class='ocrx_word' id='word_1_19' title='bbox 308 733 348 776; x_wconf 84' lang='lat' dir='ltr'>ae</span> <span class='ocrx_word' id='word_1_20' title='bbox 361 710 477 776; x_wconf 88' lang='lat' dir='ltr'>mediis</span> <span class='ocrx_word' id='word_1_21' title='bbox 491 711 612 775; x_wconf 81' lang='lat' dir='ltr'>hiemet</span> <span class='ocrx_word' id='word_1_22' title='bbox 625 722 782 775; x_wconf 84' lang='lat' dir='ltr'>mereator</span> <span class='ocrx_word' id='word_1_23' title='bbox 796 713 830 776; x_wconf 91' lang='lat' dir='ltr'>in</span> <span class='ocrx_word' id='word_1_24' title='bbox 844 713 950 795; x_wconf 82' lang='lat' dir='ltr'>undis,</span> 
     </span>
    </p>

    <p class='ocr_par' dir='ltr' id='par_1_4' title="bbox 153 810 920 896">
     <span class='ocr_line' id='line_1_5' title="bbox 153 810 920 896; baseline -0.001 -19"><span class='ocrx_word' id='word_1_25' title='bbox 153 815 312 877; x_wconf 80' lang='lat' dir='ltr'>Annonae</span> <span class='ocrx_word' id='word_1_26' title='bbox 327 813 433 896; x_wconf 87' lang='lat' dir='ltr'>prosit,</span> <span class='ocrx_word' id='word_1_27' title='bbox 449 820 550 894; x_wconf 87' lang='lat' dir='ltr'>portet</span> <span class='ocrx_word' id='word_1_28' title='bbox 564 810 728 875; x_wconf 81' lang='lat' dir='ltr'>frumenta</span> <span class='ocrx_word' id='word_1_29' title='bbox 741 830 920 895; x_wconf 87' lang='lat' dir='ltr'>penusque.</span> 
     </span>
    </p>

    <p class='ocr_par' dir='ltr' id='par_1_5' title="bbox 154 911 983 995">
     <span class='ocr_line' id='line_1_6' title="bbox 154 911 983 995; baseline 0 -19"><span class='ocrx_word' id='word_1_30' title='bbox 154 912 329 976; x_wconf 80' lang='lat' dir='ltr'>virbonus</span> <span class='ocrx_word' id='word_1_31' title='bbox 343 921 376 975; x_wconf 93' lang='lat' dir='ltr'>et</span> <span class='ocrx_word' id='word_1_32' title='bbox 390 912 518 995; x_wconf 81' lang='lat' dir='ltr'>sepiens</span> <span class='ocrx_word' id='word_1_33' title='bbox 531 911 664 975; x_wconf 76' lang='lat' dir='ltr'>audebit</span> <span class='ocrx_word' id='word_1_34' title='bbox 678 911 802 975; x_wconf 83' lang='lat' dir='ltr'>dicere:</span> <span class='ocrx_word' id='word_1_35' title='bbox 826 913 983 994; x_wconf 66' lang='lat' dir='ltr'>Parthen,</span> 
     </span>
    </p>

    <p class='ocr_par' dir='ltr' id='par_1_6' title="bbox 153 1010 944 1094">
     <span class='ocr_line' id='line_1_7' title="bbox 153 1010 944 1094; baseline -0.003 -17"><span class='ocrx_word' id='word_1_36' title='bbox 153 1013 270 1077; x_wconf 85' lang='lat' dir='ltr'>Rector</span> <span class='ocrx_word' id='word_1_37' title='bbox 283 1012 484 1091; x_wconf 78' lang='lat' dir='ltr'>Thebarum,</span> <span class='ocrx_word' id='word_1_38' title='bbox 499 1010 579 1093; x_wconf 94' lang='lat' dir='ltr'>quid</span> <span class='ocrx_word' id='word_1_39' title='bbox 593 1030 646 1074; x_wconf 90' lang='lat' dir='ltr'>me</span> <span class='ocrx_word' id='word_1_40' title='bbox 660 1010 796 1093; x_wconf 84' lang='lat' dir='ltr'>perferre</span> <span class='ocrx_word' id='word_1_41' title='bbox 811 1012 944 1094; x_wconf 86' lang='lat' dir='ltr'>patique</span> 
     </span>
    </p>

    <p class='ocr_par' dir='ltr' id='par_1_7' title="bbox 153 1106 1175 1393">
     <span class='ocr_line' id='line_1_8' title="bbox 155 1106 1175 1194; baseline 0.001 -19"><span class='ocrx_word' id='word_1_42' title='bbox 155 1111 334 1193; x_wconf 83' lang='lat' dir='ltr'>Indignum</span> <span class='ocrx_word' id='word_1_43' title='bbox 341 1130 437 1194; x_wconf 81' lang='lat' dir='ltr'>coges</span> <span class='ocrx_word' id='word_1_44' title='bbox 443 1109 656 1173; x_wconf 66' lang='lat' dir='ltr'>i—Adimam</span> <span class='ocrx_word' id='word_1_45' title='bbox 662 1106 926 1194; x_wconf 78' lang='lat' dir='ltr'>bona-Nempe</span> <span class='ocrx_word' id='word_1_46' title='bbox 935 1130 1043 1194; x_wconf 85' lang='lat' dir='ltr'>pecus,</span> <span class='ocrx_word' id='word_1_47' title='bbox 1049 1130 1126 1193; x_wconf 88' lang='lat' dir='ltr'>rem,</span> <span class='ocrx_word' id='word_1_48' title='bbox 1132 1114 1175 1176; x_wconf 80' lang='lat'>75</span> 
     </span>
     <span class='ocr_line' id='line_1_9' title="bbox 153 1208 979 1293; baseline 0 -19"><span class='ocrx_word' id='word_1_49' title='bbox 153 1211 279 1290; x_wconf 77' lang='lat' dir='ltr'>Lectos,</span> <span class='ocrx_word' id='word_1_50' title='bbox 295 1220 483 1293; x_wconf 83' lang='lat' dir='ltr'>argeutum:</span> <span class='ocrx_word' id='word_1_51' title='bbox 505 1209 599 1273; x_wconf 85' lang='lat' dir='ltr'>tolles</span> <span class='ocrx_word' id='word_1_52' title='bbox 614 1208 780 1291; x_wconf 83' lang='lat' dir='ltr'>lieet—Iu</span> <span class='ocrx_word' id='word_1_53' title='bbox 795 1210 932 1273; x_wconf 86' lang='lat' dir='ltr'>manicis</span> <span class='ocrx_word' id='word_1_54' title='bbox 946 1219 979 1274; x_wconf 90' lang='lat' dir='ltr'>et</span> 
     </span>
     <span class='ocr_line' id='line_1_10' title="bbox 154 1308 940 1393; baseline 0 -20"><span class='ocrx_word' id='word_1_55' title='bbox 154 1308 373 1393; x_wconf 85' lang='lat' dir='ltr'>Compedibus</span> <span class='ocrx_word' id='word_1_56' title='bbox 388 1327 486 1372; x_wconf 86' lang='lat' dir='ltr'>saevo</span> <span class='ocrx_word' id='word_1_57' title='bbox 501 1318 532 1372; x_wconf 85' lang='lat' dir='ltr'>te</span> <span class='ocrx_word' id='word_1_58' title='bbox 548 1309 610 1373; x_wconf 90' lang='lat' dir='ltr'>sub</span> <span class='ocrx_word' id='word_1_59' title='bbox 623 1309 758 1373; x_wconf 87' lang='lat' dir='ltr'>custode</span> <span class='ocrx_word' id='word_1_60' title='bbox 773 1311 940 1373; x_wconf 89' lang='lat' dir='ltr'>tenebo.-</span> 
     </span>
    </p>

    <p class='ocr_par' dir='ltr' id='par_1_8' title="bbox 155 1408 1064 1493">
     <span class='ocr_line' id='line_1_11' title="bbox 155 1408 1064 1493; baseline 0 -20"><span class='ocrx_word' id='word_1_61' title='bbox 155 1409 229 1492; x_wconf 57' lang='lat' dir='ltr'>Ime</span> <span class='ocrx_word' id='word_1_62' title='bbox 243 1409 335 1490; x_wconf 87' lang='lat' dir='ltr'>deus,</span> <span class='ocrx_word' id='word_1_63' title='bbox 350 1409 448 1473; x_wconf 85' lang='lat' dir='ltr'>simul</span> <span class='ocrx_word' id='word_1_64' title='bbox 463 1418 560 1491; x_wconf 89' lang='lat' dir='ltr'>atque</span> <span class='ocrx_word' id='word_1_65' title='bbox 575 1408 692 1488; x_wconf 86' lang='lat' dir='ltr'><strong>volam,</strong></span> <span class='ocrx_word' id='word_1_66' title='bbox 708 1428 761 1471; x_wconf 90' lang='lat' dir='ltr'>me</span> <span class='ocrx_word' id='word_1_67' title='bbox 776 1408 1064 1493; x_wconf 77' lang='lat' dir='ltr'>solvet-Opinon,</span> 
     </span>
    </p>

    <p class='ocr_par' dir='ltr' id='par_1_9' title="bbox 155 1508 1050 1591">
     <span class='ocr_line' id='line_1_12' title="bbox 155 1508 1050 1591; baseline -0.001 -19"><span class='ocrx_word' id='word_1_68' title='bbox 155 1509 227 1572; x_wconf 86' lang='lat' dir='ltr'>Hoc</span> <span class='ocrx_word' id='word_1_69' title='bbox 241 1509 356 1574; x_wconf 87' lang='lat' dir='ltr'>sentit:</span> <span class='ocrx_word' id='word_1_70' title='bbox 379 1508 516 1591; x_wconf 61' lang='lat' dir='ltr'>Menan</span> <span class='ocrx_word' id='word_1_71' title='bbox 539 1527 625 1573; x_wconf 88' lang='lat' dir='ltr'>mors</span> <span class='ocrx_word' id='word_1_72' title='bbox 639 1509 756 1574; x_wconf 77' lang='lat' dir='ltr'>rdtima</span> <span class='ocrx_word' id='word_1_73' title='bbox 769 1508 856 1574; x_wconf 85' lang='lat' dir='ltr'>linea</span> <span class='ocrx_word' id='word_1_74' title='bbox 869 1528 978 1574; x_wconf 88' lang='lat' dir='ltr'>rerum</span> <span class='ocrx_word' id='word_1_75' title='bbox 992 1519 1050 1573; x_wconf 85' lang='lat' dir='ltr'>est.</span> 
     </span>
    </p>
   </div>
   <div class='ocr_carea' id='block_1_3' title="bbox 608 1828 726 1855">
    <p class='ocr_par' dir='ltr' id='par_1_10' title="bbox 608 1828 726 1855">
     <span class='ocr_line' id='line_1_13' title="bbox 608 1828 726 1855; baseline 0 -14"><span class='ocrx_word' id='word_1_76' title='bbox 608 1828 726 1855; x_wconf 53' lang='grc' dir='ltr'>Ἴ..-</span> 
     </span>
    </p>
   </div>
   <div class='ocr_carea' id='block_1_4' title="bbox 496 2068 846 2132">
    <p class='ocr_par' dir='ltr' id='par_1_11' title="bbox 496 2068 846 2132">
     <span class='ocr_line' id='line_1_14' title="bbox 496 2068 846 2132; baseline 0 -1"><span class='ocrx_word' id='word_1_77' title='bbox 496 2068 709 2132; x_wconf 76' lang='grc' dir='ltr'>ΕΡΙΒΤΟΙιΑ</span> <span class='ocrx_word' id='word_1_78' title='bbox 737 2068 846 2132; x_wconf 78' lang='lat' dir='ltr'>xvn</span> 
     </span>
    </p>
   </div>
   <div class='ocr_carea' id='block_1_5' title="bbox 520 2268 818 2313">
    <p class='ocr_par' dir='ltr' id='par_1_12' title="bbox 520 2268 818 2313">
     <span class='ocr_line' id='line_1_15' title="bbox 520 2268 818 2313; baseline 0.007 -2"><span class='ocrx_word' id='word_1_79' title='bbox 520 2268 574 2311; x_wconf 78' lang='grc' dir='ltr'>ΔΙ)</span> <span class='ocrx_word' id='word_1_80' title='bbox 603 2268 818 2313; x_wconf 68' lang='lat' dir='ltr'>senemr.</span> 
     </span>
    </p>
   </div>
   <div class='ocr_carea' id='block_1_6' title="bbox 157 2442 1177 3126">
    <p class='ocr_par' dir='ltr' id='par_1_13' title="bbox 157 2442 1177 3126">
     <span class='ocr_line' id='line_1_16' title="bbox 199 2442 1108 2535; baseline 0.009 -29"><span class='ocrx_word' id='word_1_81' title='bbox 199 2442 375 2524; x_wconf 78' lang='lat' dir='ltr'>Quamvis,</span> <span class='ocrx_word' id='word_1_82' title='bbox 390 2444 524 2524; x_wconf 82' lang='lat' dir='ltr'>Scaeva,</span> <span class='ocrx_word' id='word_1_83' title='bbox 540 2445 619 2508; x_wconf 88' lang='lat' dir='ltr'>satis</span> <span class='ocrx_word' id='word_1_84' title='bbox 632 2464 688 2528; x_wconf 91' lang='lat' dir='ltr'>per</span> <span class='ocrx_word' id='word_1_85' title='bbox 702 2456 734 2510; x_wconf 92' lang='lat' dir='ltr'>te</span> <span class='ocrx_word' id='word_1_86' title='bbox 748 2446 807 2511; x_wconf 91' lang='lat' dir='ltr'>tibi</span> <span class='ocrx_word' id='word_1_87' title='bbox 820 2447 972 2535; x_wconf 81' lang='lat' dir='ltr'>consulis,</span> <span class='ocrx_word' id='word_1_88' title='bbox 987 2459 1020 2513; x_wconf 92' lang='lat' dir='ltr'>et</span> <span class='ocrx_word' id='word_1_89' title='bbox 1033 2449 1108 2531; x_wconf 77' lang='lat' dir='ltr'>seis,</span> 
     </span>
     <span class='ocr_line' id='line_1_17' title="bbox 157 2541 888 2630; baseline 0.01 -25"><span class='ocrx_word' id='word_1_90' title='bbox 157 2542 239 2613; x_wconf 77' lang='lat' dir='ltr'>Quo</span> <span class='ocrx_word' id='word_1_91' title='bbox 253 2541 385 2627; x_wconf 62' lang='lat' dir='ltr'>tandein</span> <span class='ocrx_word' id='word_1_92' title='bbox 398 2554 494 2626; x_wconf 84' lang='lat' dir='ltr'>paeto</span> <span class='ocrx_word' id='word_1_93' title='bbox 507 2544 620 2608; x_wconf 83' lang='lat' dir='ltr'>deceat</span> <span class='ocrx_word' id='word_1_94' title='bbox 633 2547 807 2630; x_wconf 82' lang='lat' dir='ltr'>majoribus</span> <span class='ocrx_word' id='word_1_95' title='bbox 822 2547 888 2612; x_wconf 90' lang='lat' dir='ltr'>uti:</span> 
     </span>
     <span class='ocr_line' id='line_1_18' title="bbox 159 2640 1080 2727; baseline 0.004 -23"><span class='ocrx_word' id='word_1_96' title='bbox 159 2640 268 2720; x_wconf 67' lang='lat' dir='ltr'>Disce,</span> <span class='ocrx_word' id='word_1_97' title='bbox 283 2640 448 2706; x_wconf 84' lang='lat' dir='ltr'>docendus</span> <span class='ocrx_word' id='word_1_98' title='bbox 461 2642 572 2708; x_wconf 80' lang='lat' dir='ltr'>adhue</span> <span class='ocrx_word' id='word_1_99' title='bbox 586 2662 671 2727; x_wconf 85' lang='lat' dir='ltr'>quae</span> <span class='ocrx_word' id='word_1_100' title='bbox 685 2655 796 2709; x_wconf 89' lang='lat' dir='ltr'>censet</span> <span class='ocrx_word' id='word_1_101' title='bbox 810 2645 984 2725; x_wconf 80' lang='lat' dir='ltr'>amiculus,</span> <span class='ocrx_word' id='word_1_102' title='bbox 999 2655 1037 2708; x_wconf 93' lang='lat' dir='ltr'>ut</span> <span class='ocrx_word' id='word_1_103' title='bbox 1051 2644 1080 2708; x_wconf 89' lang='lat' dir='ltr'>si</span> 
     </span>
     <span class='ocr_line' id='line_1_19' title="bbox 159 2740 1084 2827; baseline 0.003 -24"><span class='ocrx_word' id='word_1_104' title='bbox 159 2740 288 2804; x_wconf 79' lang='lat' dir='ltr'>Caecus</span> <span class='ocrx_word' id='word_1_105' title='bbox 301 2741 361 2805; x_wconf 88' lang='lat' dir='ltr'>iter</span> <span class='ocrx_word' id='word_1_106' title='bbox 374 2752 549 2806; x_wconf 85' lang='lat' dir='ltr'>monstrare</span> <span class='ocrx_word' id='word_1_107' title='bbox 563 2742 659 2825; x_wconf 85' lang='lat' dir='ltr'>velit;</span> <span class='ocrx_word' id='word_1_108' title='bbox 683 2754 794 2809; x_wconf 84' lang='lat' dir='ltr'>tamen</span> <span class='ocrx_word' id='word_1_109' title='bbox 808 2744 947 2827; x_wconf 80' lang='lat' dir='ltr'>adspice,</span> <span class='ocrx_word' id='word_1_110' title='bbox 962 2742 1084 2826; x_wconf 88' lang='lat' dir='ltr'>siquid</span> 
     </span>
     <span class='ocr_line' id='line_1_20' title="bbox 159 2838 1177 2926; baseline 0.003 -23"><span class='ocrx_word' id='word_1_111' title='bbox 159 2838 207 2904; x_wconf 80' lang='lat' dir='ltr'>Et</span> <span class='ocrx_word' id='word_1_112' title='bbox 219 2859 288 2921; x_wconf 81' lang='lat' dir='ltr'>nos,</span> <span class='ocrx_word' id='word_1_113' title='bbox 303 2842 391 2923; x_wconf 91' lang='lat' dir='ltr'>qnod</span> <span class='ocrx_word' id='word_1_114' title='bbox 403 2861 497 2906; x_wconf 86' lang='lat' dir='ltr'>eures</span> <span class='ocrx_word' id='word_1_115' title='bbox 510 2843 674 2926; x_wconf 89' lang='lat' dir='ltr'>proprium</span> <span class='ocrx_word' id='word_1_116' title='bbox 688 2843 812 2924; x_wconf 84' lang='lat' dir='ltr'>secisse,</span> <span class='ocrx_word' id='word_1_117' title='bbox 827 2843 1008 2925; x_wconf 81' lang='lat' dir='ltr'>loquamur.</span> <span class='ocrx_word' id='word_1_118' title='bbox 1155 2843 1177 2906; x_wconf 79' lang='grc' dir='ltr'><strong>ὅ</strong></span> 
     </span>
     <span class='ocr_line' id='line_1_21' title="bbox 159 2940 979 3026; baseline 0.001 -20"><span class='ocrx_word' id='word_1_119' title='bbox 159 2940 197 3006; x_wconf 81' lang='lat' dir='ltr'>Si</span> <span class='ocrx_word' id='word_1_120' title='bbox 210 2949 242 3003; x_wconf 91' lang='lat' dir='ltr'>te</span> <span class='ocrx_word' id='word_1_121' title='bbox 256 2951 348 3024; x_wconf 75' lang='lat' dir='ltr'>grata</span> <span class='ocrx_word' id='word_1_122' title='bbox 361 2942 454 3024; x_wconf 85' lang='lat' dir='ltr'>quiea</span> <span class='ocrx_word' id='word_1_123' title='bbox 467 2952 500 3005; x_wconf 90' lang='lat' dir='ltr'>et</span> <span class='ocrx_word' id='word_1_124' title='bbox 513 2943 652 3026; x_wconf 87' lang='lat' dir='ltr'>primam</span> <span class='ocrx_word' id='word_1_125' title='bbox 666 2961 802 3007; x_wconf 79' lang='lat' dir='ltr'><strong>somnus</strong></span> <span class='ocrx_word' id='word_1_126' title='bbox 816 2943 850 3006; x_wconf 90' lang='lat' dir='ltr'>in</span> <span class='ocrx_word' id='word_1_127' title='bbox 865 2942 979 3007; x_wconf 87' lang='lat' dir='ltr'>horam</span> 
     </span>
     <span class='ocr_line' id='line_1_22' title="bbox 160 3038 924 3126; baseline 0.005 -23"><span class='ocrx_word' id='word_1_128' title='bbox 160 3038 317 3120; x_wconf 78' lang='lat' dir='ltr'>Delectat,</span> <span class='ocrx_word' id='word_1_129' title='bbox 332 3041 406 3105; x_wconf 88' lang='lat' dir='ltr'>site</span> <span class='ocrx_word' id='word_1_130' title='bbox 420 3042 528 3125; x_wconf 84' lang='lat' dir='ltr'>pulvis</span> <span class='ocrx_word' id='word_1_131' title='bbox 542 3043 758 3126; x_wconf 78' lang='lat' dir='ltr'>strepitusque</span> <span class='ocrx_word' id='word_1_132' title='bbox 772 3053 924 3123; x_wconf 78' lang='lat' dir='ltr'>totamm,</span> 
     </span>
    </p>
   </div>
   <div class='ocr_carea' id='block_1_7' title="bbox 28 3138 920 3228">
    <p class='ocr_par' dir='ltr' id='par_1_14' title="bbox 28 3138 920 3228">
     <span class='ocr_line' id='line_1_23' title="bbox 28 3138 920 3228; baseline 0.004 -25"><span class='ocrx_word' id='word_1_133' title='bbox 28 3192 36 3209; x_wconf 86' lang='lat'><strong>.</strong></span> <span class='ocrx_word' id='word_1_134' title='bbox 159 3138 197 3204; x_wconf 81' lang='lat' dir='ltr'>Si</span> <span class='ocrx_word' id='word_1_135' title='bbox 210 3138 312 3203; x_wconf 80' lang='lat' dir='ltr'>laedit</span> <span class='ocrx_word' id='word_1_136' title='bbox 325 3159 482 3224; x_wconf 86' lang='lat' dir='ltr'>caupona,</span> <span class='ocrx_word' id='word_1_137' title='bbox 499 3142 711 3207; x_wconf 86' lang='lat' dir='ltr'>Ferentinum</span> <span class='ocrx_word' id='word_1_138' title='bbox 727 3143 772 3207; x_wconf 86' lang='lat' dir='ltr'>ire</span> <span class='ocrx_word' id='word_1_139' title='bbox 782 3143 920 3228; x_wconf 85' lang='lat' dir='ltr'>jubebo:</span> 
     </span>
    </p>
   </div>
   <div class='ocr_carea' id='block_1_8' title="bbox 159 3237 1178 3724">
    <p class='ocr_par' dir='ltr' id='par_1_15' title="bbox 160 3237 977 3326">
     <span class='ocr_line' id='line_1_24' title="bbox 160 3237 977 3326; baseline 0.002 -24"><span class='ocrx_word' id='word_1_140' title='bbox 160 3237 248 3303; x_wconf 81' lang='lat' dir='ltr'>Nam</span> <span class='ocrx_word' id='word_1_141' title='bbox 262 3258 367 3322; x_wconf 89' lang='lat' dir='ltr'>neque</span> <span class='ocrx_word' id='word_1_142' title='bbox 382 3240 536 3306; x_wconf 85' lang='lat' dir='ltr'>divitibus</span> <span class='ocrx_word' id='word_1_143' title='bbox 549 3242 744 3326; x_wconf 82' lang='lat' dir='ltr'>contingunt</span> <span class='ocrx_word' id='word_1_144' title='bbox 756 3243 878 3326; x_wconf 85' lang='lat' dir='ltr'>gaudia</span> <span class='ocrx_word' id='word_1_145' title='bbox 892 3241 977 3321; x_wconf 87' lang='lat' dir='ltr'>solis,</span> 
     </span>
    </p>

    <p class='ocr_par' dir='ltr' id='par_1_16' title="bbox 160 3337 1178 3525">
     <span class='ocr_line' id='line_1_25' title="bbox 161 3337 1178 3425; baseline 0.004 -24"><span class='ocrx_word' id='word_1_146' title='bbox 161 3337 229 3402; x_wconf 86' lang='lat' dir='ltr'>Nee</span> <span class='ocrx_word' id='word_1_147' title='bbox 243 3339 328 3403; x_wconf 81' lang='lat' dir='ltr'>vixit</span> <span class='ocrx_word' id='word_1_148' title='bbox 341 3339 436 3421; x_wconf 88' lang='lat' dir='ltr'>male,</span> <span class='ocrx_word' id='word_1_149' title='bbox 451 3342 509 3423; x_wconf 90' lang='lat' dir='ltr'>qui</span> <span class='ocrx_word' id='word_1_150' title='bbox 523 3353 621 3407; x_wconf 84' lang='lat' dir='ltr'>nutus</span> <span class='ocrx_word' id='word_1_151' title='bbox 635 3343 838 3425; x_wconf 86' lang='lat' dir='ltr'>moriensque</span> <span class='ocrx_word' id='word_1_152' title='bbox 853 3339 973 3405; x_wconf 82' lang='lat' dir='ltr'>fefellit.</span> <span class='ocrx_word' id='word_1_153' title='bbox 1138 3341 1178 3405; x_wconf 85' lang='lat'>10</span> 
     </span>
     <span class='ocr_line' id='line_1_26' title="bbox 160 3437 936 3525; baseline 0.003 -24"><span class='ocrx_word' id='word_1_154' title='bbox 160 3437 197 3502; x_wconf 82' lang='lat' dir='ltr'>si</span> <span class='ocrx_word' id='word_1_155' title='bbox 211 3437 360 3521; x_wconf 87' lang='lat' dir='ltr'>prodesse</span> <span class='ocrx_word' id='word_1_156' title='bbox 374 3440 439 3503; x_wconf 87' lang='lat' dir='ltr'>tuis</span> <span class='ocrx_word' id='word_1_157' title='bbox 453 3441 628 3524; x_wconf 88' lang='lat' dir='ltr'>paulloque</span> <span class='ocrx_word' id='word_1_158' title='bbox 642 3442 814 3525; x_wconf 87' lang='lat' dir='ltr'>benignius</span> <span class='ocrx_word' id='word_1_159' title='bbox 829 3442 936 3524; x_wconf 85' lang='lat' dir='ltr'>ipsum</span> 
     </span>
    </p>

    <p class='ocr_par' dir='ltr' id='par_1_17' title="bbox 160 3535 966 3621">
     <span class='ocr_line' id='line_1_27' title="bbox 160 3535 966 3621; baseline 0.005 -21"><span class='ocrx_word' id='word_1_160' title='bbox 160 3535 212 3600; x_wconf 80' lang='lat' dir='ltr'>&#39;l’e</span> <span class='ocrx_word' id='word_1_161' title='bbox 226 3548 363 3602; x_wconf 82' lang='lat' dir='ltr'>tractare</span> <span class='ocrx_word' id='word_1_162' title='bbox 377 3538 476 3621; x_wconf 84' lang='lat' dir='ltr'>voles,</span> <span class='ocrx_word' id='word_1_163' title='bbox 491 3540 626 3604; x_wconf 77' lang='lat' dir='ltr'>accedes</span> <span class='ocrx_word' id='word_1_164' title='bbox 640 3541 747 3605; x_wconf 84' lang='lat' dir='ltr'>siccus</span> <span class='ocrx_word' id='word_1_165' title='bbox 762 3540 804 3604; x_wconf 84' lang='lat' dir='ltr'>ad</span> <span class='ocrx_word' id='word_1_166' title='bbox 821 3550 966 3604; x_wconf 66' lang='lat' dir='ltr'>unctum„</span> 
     </span>
    </p>

    <p class='ocr_par' dir='ltr' id='par_1_18' title="bbox 159 3636 850 3724">
     <span class='ocr_line' id='line_1_28' title="bbox 159 3636 850 3724; baseline 0.004 -23"><span class='ocrx_word' id='word_1_167' title='bbox 159 3636 196 3701; x_wconf 83' lang='lat' dir='ltr'>Si</span> <span class='ocrx_word' id='word_1_168' title='bbox 209 3637 380 3720; x_wconf 80' lang='lat' dir='ltr'>pranderet</span> <span class='ocrx_word' id='word_1_169' title='bbox 392 3637 465 3703; x_wconf 91' lang='lat' dir='ltr'>olus</span> <span class='ocrx_word' id='word_1_170' title='bbox 479 3640 643 3724; x_wconf 78' lang='lat' dir='ltr'>patienter,</span> <span class='ocrx_word' id='word_1_171' title='bbox 658 3641 788 3724; x_wconf 79' lang='lat' dir='ltr'>regibus</span> <span class='ocrx_word' id='word_1_172' title='bbox 802 3641 850 3705; x_wconf 87' lang='lat' dir='ltr'>uti</span> 
     </span>
    </p>
   </div>
   <div class='ocr_carea' id='block_1_9' title="bbox 490 3840 845 3903">
    <p class='ocr_par' dir='ltr' id='par_1_19' title="bbox 490 3840 845 3903">
     <span class='ocr_line' id='line_1_29' title="bbox 490 3840 845 3903; baseline 0.003 -12"><span class='ocrx_word' id='word_1_173' title='bbox 490 3840 521 3892; x_wconf 77' lang='lat' dir='ltr'>ld.</span> <span class='ocrx_word' id='word_1_174' title='bbox 532 3843 591 3893; x_wconf 76' lang='lat' dir='ltr'>xvii</span> <span class='ocrx_word' id='word_1_175' title='bbox 602 3842 626 3895; x_wconf 82' lang='grc'>8.</span> <span class='ocrx_word' id='word_1_176' title='bbox 643 3840 741 3903; x_wconf 77' lang='lat' dir='ltr'>laedet3</span> <span class='ocrx_word' id='word_1_177' title='bbox 757 3840 845 3892; x_wconf 76' lang='lat' dir='ltr'>laedet.</span> 
     </span>
    </p>
   </div>
   <div class='ocr_carea' id='block_1_10' title="bbox 0 0 1434 4342">
    <p class='ocr_par' dir='ltr' id='par_1_20' title="bbox 0 0 1434 4342">
     <span class='ocr_line' id='line_1_30' title="bbox 0 0 1434 4342; baseline 0 0"><span class='ocrx_word' id='word_1_178' title='bbox 0 0 1434 4342; x_wconf 95' lang='lat' dir='ltr'> </span> 
     </span>
    </p>
   </div>
  </div>
 </body>
</html>
