2842 4342
278 317 347 408 ‚aa
707 333 907 385 ossum

342 492 384 555 At
397 500 442 572 tu,
456 500 567 572 nauta,
583 509 686 574 vagae
700 509 742 553 ne
756 508 851 573 parce
865 489 1029 572 malignus
1042 507 1160 554 amnas

423 591 561 655 Ossibus
576 601 609 655 et
621 590 721 673 capiti
735 590 906 653 inhumato

339 689 641 754 Particulamdarc:
656 690 711 770 sic,
723 688 940 770 quodcunque
952 689 1126 754 minabitur
1136 689 1250 755 Eurus
1272 691 1319 756 26

424 789 593 853 Fluctibus
607 788 780 872 Hesperiis,
795 787 980 851 Venusinae

340 888 525 952 Plectantur
539 889 649 969 silvae,
665 898 696 952 ta
711 888 846 970 sospite:
869 887 1037 969 multaque
1051 907 1182 969 meroes,

426 988 519 1052 Unde
532 998 644 1071 potest,
659 988 717 1050 tibi
731 985 855 1050 defluat
868 1003 972 1068 aequo

340 1087 392 1149 Ab
406 1087 487 1152 Jove
501 1087 716 1169 Neptunoque
731 1085 814 1149 sacri
827 1085 960 1149 custode
974 1085 1118 1150 Tarenti.

424 1185 570 1269 Negligis
584 1185 751 1248 immeritis
766 1184 946 1247 nocituram
1271 1183 1318 1249 30

342 1285 513 1349 Postmodo
528 1295 558 1348 te
572 1285 657 1347 natis
671 1284 820 1347 fraudem
833 1285 1053 1349 committere?
1095 1286 1177 1349 Fors
1190 1294 1223 1347 et

426 1386 544 1450 Debita
553 1387 628 1470 jura
641 1386 794 1468 vicesque
809 1385 963 1467 superbae

342 1484 394 1548 Te
408 1495 562 1549 maneant
575 1486 702 1568 ipsum:
724 1483 871 1567 precibus
885 1502 951 1547 non
965 1483 1094 1565 linquar
1106 1482 1228 1563 inullis,

425 1584 541 1667 'l’eque
555 1585 684 1668 piacula
698 1583 791 1648 nulla
804 1582 971 1646 resolvent„

342 1684 557 1766 Quamquam
570 1682 713 1764 festinas,
724 1701 791 1746 non
804 1692 853 1746 est
866 1700 957 1747 mora
971 1682 1086 1765 longa:
1108 1681 1214 1747 licebit
1270 1682 1314 1747 35

425 1781 546 1867 Injeoto
561 1793 607 1847 ter
620 1783 752 1867 pulvere
765 1800 884 1846 curras.
1001 1828 1004 1837 .

644 2367 825 2431 GARMEN
851 2367 971 2429 XXIX.

682 2579 736 2624 An
765 2580 933 2625 ICCIUM·

432 2761 434 2766 ’
470 2770 544 2853 leci,'
558 2769 661 2837 beatis
675 2790 764 2853 aune
778 2770 925 2839 Arabum
938 2772 1064 2839 invides

425 2920 430 2931 .
469 2871 575 2954 Garis,
591 2884 623 2937 et
636 2893 746 2939 aerem
759 2874 909 2938 militiam
922 2893 1017 2957 paras

509 2972 584 3037 Non
598 2962 674 3037 ariao
688 2966 822 3037 debrieris
836 2962 982 3038 Sabaeae

459 3116 476 3141 x
552 3071 710 3155 Regibus*
720 3069 925 3151 horribilique
939 3067 1037 3133 Medo

469 3282 579 3346 Nestis
592 3279 748 3344 catenasl
791 3278 889 3348 Quae
904 3276 961 3341 tibi
974 3277 1147 3362 virginum,
1289 3284 1308 3346 5

470 3380 596 3462 Sponsa
609 3386 732 3458 necato,
747 3375 882 3440 barbara
897 3376 1037 3441 serviet?

510 3477 596 3542 Puer
608 3476 683 3560 quis
696 3497 739 3541 ex
753 3476 831 3541 aula
844 3475 970 3560 capillis

551 3574 605 3640 Ad
618 3575 778 3660 cyathum
793 3585 952 3642 statuetur
965 3586 1081 3656 unctis,

727 3794 767 3841 ³1.
785 3790 887 3841 Forsan.
