2842 4342
243 323 317 395 260
622 336 877 388 nrmrommr

283 497 358 563 Non
371 494 512 579 equitem
526 494 629 575 dorso,
643 513 710 559 non
725 494 852 559 frenum
865 494 989 579 depulit
1002 515 1065 561 ore

282 596 345 675 Sic,
360 595 418 677 qui
431 594 618 677 pauperiem
631 594 762 674 veritus,
777 593 897 676 potiore
910 594 1051 659 metallis

281 694 442 759 Libertate
456 703 551 774 earet,
567 692 735 757 dominum
750 694 847 756 vehet
861 693 1025 776 improbus
1038 705 1137 779 atque
1213 695 1255 762 to

144 854 147 860 Α
280 794 405 860 Serviet
418 803 594 873 aeternnm,
609 792 688 875 quia
700 811 800 875 parvo
814 792 935 856 nesciet
949 794 1006 856 uti

281 894 345 958 Cui
359 913 425 958 non
439 894 609 957 conveniet
622 912 684 956 sua
698 912 757 971 res,
773 901 810 955 ut
823 891 952 955 calceus
967 893 1053 974 olim,

280 994 317 1059 Si
330 993 412 1077 pede
426 994 526 1077 major
539 993 606 1071 erit,
622 992 803 1073 subvertet3
827 991 854 1054 si
869 992 982 1073 minor,
998 1002 1077 1057 uret

280 1083 403 1157 Laetus
418 1102 500 1155 sorte
513 1102 571 1155 tua
585 1090 676 1155 vives
691 1091 859 1173 sapienter,
874 1091 982 1172 Aristi,

280 1191 571 1258 Neomedimittes
585 1189 824 1273 incastigatum‚
839 1191 896 1255 ubi
909 1191 1003 1275 plura
1211 1193 1253 1259 tt

280 1292 409 1374 Cogere,
424 1310 526 1373 quam
540 1289 618 1354 satis
631 1301 689 1369 est,
704 1309 744 1353 ac
759 1308 826 1355 non
840 1310 965 1374 cessare
979 1290 1121 1356 videbor.

280 1391 420 1473 Imperat
433 1399 492 1453 aut
505 1388 603 1452 servit
615 1387 751 1452 collecta
765 1390 904 1472 pecunia
916 1389 1044 1473 cuique,

279 1488 420 1553 'I'ortum
433 1487 534 1572 digna
547 1488 639 1571 sequi
653 1488 770 1570 potins,
785 1507 887 1571 quam
900 1487 1018 1552 duoere
1031 1487 1154 1553 sunem.

280 1587 371 1651 Haeo
386 1587 443 1651 tibi
457 1587 621 1652 dictabam
634 1597 706 1670 post
720 1586 836 1651 fanum
849 1596 941 1670 putre
954 1587 1118 1669 Vacunae,

281 1685 428 1770 Exeepto
441 1685 529 1771 quod
543 1705 609 1751 non
623 1685 722 1752 simul
735 1706 831 1768 esses,
846 1695 952 1751 cetera
965 1685 1079 1751 laetus.
1207 1687 1252 1753 50

595 2246 810 2311 EPISTOLA
838 2248 895 2310 XL

543 2444 602 2488 An
633 2446 948 2493 BULLATIUM.

318 2621 412 2692 Quid
426 2621 484 2686 tibi
498 2641 569 2687 vlsa
584 2623 693 2700 Chios,
708 2624 839 2704 Bullati,
856 2634 996 2707 notaque
1011 2624 1143 2705 Lesbos,

276 2720 369 2792 Quid
383 2722 542 2787 oonoinna
555 2723 680 2805 Samos,
695 2722 776 2806 quid
790 2724 901 2788 Croesi
914 2724 1010 2807 regia,
1025 2724 1145 2805 Sardis,

275 2819 418 2904 Smyrna
431 2821 513 2905 quid
527 2833 559 2886 et
573 2822 764 2907 colophont
796 2823 920 2908 MaJ’ora
933 2825 1100 2888 minorane
1114 2821 1226 2888 iamai

276 2920 446 2985 Cunctane
460 2942 535 3005 prae
551 2923 676 3006 Campo
688 2933 722 2986 et
735 2923 890 2988 Tiberino
904 2922 1040 2987 flumine
1054 2923 1207 2987 sordenti

276 3021 332 3085 An
345 3022 610 3087 venitinvotum
625 3022 772 3087 Attalicis
786 3043 829 3088 ex
844 3024 976 3089 urbibus
990 3042 1066 3104 una,
1228 3023 1253 3087 ὅ

275 3119 329 3183 An
343 3120 512 3186 Lebedum
525 3121 650 3203 laudas,
666 3121 740 3185 odio
754 3123 853 3186 maris
868 3133 966 3206 atque
980 3122 1133 3187 viarum?

275 3218 357 3301 Scis,
371 3220 522 3289 Lebedus
536 3221 616 3305 quid
631 3222 689 3286 sit:
713 3223 826 3287 Gabiis
839 3222 991 3286 desertior
1004 3232 1103 3305 atque

276 3318 410 3383 Fidenis
424 3321 536 3404 vicus3
560 3331 668 3386 tamen
684 3321 750 3386 illie
764 3323 873 3386 vivere
886 3322 1013 3406 vellem,

276 3415 469 3502 Oblitusque
483 3440 628 3486 meorum
642 3422 881 3486 obliviscendus
895 3433 928 3486 et
942 3422 1006 3485 illis

275 3515 466 3597 Neptunum
480 3520 590 3601 procul
605 3543 623 3586 e
638 3532 720 3585 terra
734 3531 875 3604 spectare
890 3520 1060 3585 furentem.
1209 3518 1255 3584 10

276 3613 343 3678 sed
357 3634 471 3697 neque,
486 3619 543 3700 qni
559 3620 674 3704 Capua
688 3621 828 3685 Romam
843 3621 930 3702 petit,
945 3621 1047 3684 imbre
1061 3619 1196 3703 lutoque

611 3816 652 3867 ⁴⁰.
669 3817 745 3876 tebit,
757 3819 873 3870 Μὴ..
