2842 4342
519 365 678 419 emmer.
728 365 852 419 ιη
1118 342 1189 423 stt

528 651 743 715 menone
772 651 842 715 XX

458 837 518 881 sn
547 836 739 881 nrnaurr
770 809 914 881 suun.

260 1005 478 1069 Vertumnum
490 1001 688 1081 Janumque,
704 999 792 1081 liber,
808 1011 951 1084 spectare
965 1001 1094 1083 videris,

219 1103 349 1168 Scilicet
364 1111 400 1164 ut
414 1110 537 1184 prostes
551 1099 716 1164 Sosiorum
730 1100 861 1182 pumice
875 1099 1029 1165 mundus.

221 1202 328 1267 Odisti
342 1199 452 1263 claves
465 1209 499 1263 et
512 1208 604 1282 grata
618 1198 725 1281 sigilla
739 1197 874 1280 pudico:

221 1301 341 1365 Paucis
355 1298 481 1363 ostendi
495 1298 609 1381 gemis,
624 1307 656 1360 ct
670 1299 857 1362 communia
871 1298 996 1380 laudea,

221 1402 296 1466 Non
311 1401 356 1463 ita
371 1399 521 1464 nutritum
565 1398 667 1481 Fuge,
682 1416 748 1480 quo
762 1398 955 1463 descendere
969 1401 1077 1483 gestis.
1176 1400 1198 1464 t

222 1501 297 1565 Non
311 1500 371 1562 erit
384 1499 503 1562 emisso
516 1496 637 1561 reditus
653 1496 719 1585 tibi.
762 1497 856 1567 Quid
871 1498 969 1561 miser
981 1499 1057 1581 egii

222 1597 317 1670 Quid
331 1597 445 1661 volui?
467 1597 565 1678 dices,
580 1596 636 1659 ubi
651 1595 727 1677 quis
742 1606 772 1658 te
788 1596 933 1679 laeserit3
956 1607 989 1660 et
1003 1598 1067 1661 scis

222 1700 261 1762 ln
275 1698 372 1762 breve
387 1707 418 1760 te
432 1698 513 1779 cogi,
528 1715 606 1761 cum
620 1695 738 1778 plenus
752 1694 885 1779 languet
899 1707 1031 1761 amator.

222 1796 352 1868 Quodsi
367 1814 433 1859 non
447 1794 520 1858 odio
533 1795 698 1879 peccantis
711 1793 829 1876 desipit
843 1812 957 1877 augur,

222 1897 329 1959 Carus
342 1895 405 1958 eris
418 1895 551 1975 Romae,
566 1894 670 1958 donec
685 1904 717 1956 te
731 1893 858 1957 deserat
872 1903 981 1974 aetas;
1159 1894 1200 1958 1⁰

224 1996 450 2059 Contrectatus
464 1994 520 2058 ubi
535 1994 687 2058 manibus
702 1990 883 2056 sordescere
898 1991 991 2075 vulgi

223 2094 382 2176 Coeperis,
397 2103 455 2157 aut
468 2094 573 2157 tinem
587 2111 700 2176 pasces
716 2093 898 2156 taciturnus
913 2092 1039 2171 inertes,

222 2192 291 2256 Aut
305 2191 411 2275 fugies
424 2192 556 2256 Uticam
568 2202 628 2256 aut
641 2191 772 2256 vinctus
786 2191 920 2256 mitteris
934 2189 1083 2256 Ilerdam

222 2289 355 2355 Ridebit
367 2293 505 2355 monitor
518 2310 585 2355 non
598 2291 782 2373 exauditus,
797 2303 835 2356 ut
848 2292 911 2373 ille,

131 2404 136 2413 ’
223 2390 296 2460 Qui
309 2390 396 2454 male
409 2402 575 2474 parentem
589 2391 624 2455 in
638 2410 735 2475 rupes
749 2393 899 2476 protrusit
912 2391 1052 2455 asellum
1161 2390 1200 2454 16

224 2491 351 2573 Iratum
374 2490 448 2573 quis
462 2491 551 2555 enim
564 2491 705 2555 invitum
719 2511 845 2555 servare
861 2491 1005 2556 laboret?

223 2590 296 2654 Hoc
310 2608 440 2674 quoque
455 2601 485 2653 te
499 2600 619 2672 manet,
636 2602 673 2655 ut
686 2610 802 2673 pueros
816 2591 975 2655 elementa
989 2590 1160 2655 docentem

224 2690 371 2772 Occupet
384 2691 536 2753 extremis
551 2690 586 2754 in
600 2690 681 2754 vicis
695 2690 792 2755 balbe
807 2700 965 2753 senectus

149 2792 155 2805 '
176 2786 189 2821 '
225 2789 312 2853 Cum
326 2789 384 2854 tibi
398 2789 447 2853 sol
462 2788 590 2872 tepidus
603 2789 713 2873 plures
727 2788 906 2852 admoverit
919 2806 1023 2867 aures,

225 2890 281 2954 Me
294 2890 440 2953 libertino
454 2899 570 2953 natum
583 2900 673 2974 patre
686 2887 920 2952 etintenuire
1157 2885 1201 2951 20

224 2989 363 3074 Majores
377 3008 502 3072 pennas
515 2988 594 3053 nido
608 2987 793 3053 extendisse
808 2986 955 3068 loqueris,

224 3089 278 3169 Ut,
293 3099 455 3173 quantum
469 3089 579 3172 generi
593 3088 715 3169 demas,
730 3086 904 3151 virtutibus
917 3085 1039 3152 addas:

224 3189 280 3253 Me
294 3189 406 3272 primis
420 3190 509 3254 urbis
523 3188 600 3255 belli
615 3190 777 3274 placuisse
792 3189 964 3273 domique3

224 3289 373 3372 emas
387 3290 507 3374 extrui,
522 3308 730 3374 menna
747 3289 869 3361 eoba
883 3299 1005 3371 anua

224 3388 324 3452 irasci
338 3388 483 3468 celerem,
499 3399 611 3454 tumen
625 3400 663 3454 ut
676 3389 846 3473 placabilis
859 3406 973 3451 essem.

225 3488 322 3552 Forte
336 3508 449 3553 meum
462 3489 491 3553 si
505 3490 580 3573 quis
594 3500 625 3553 te
638 3489 877 3573 percontabitur
890 3506 1019 3573 aevum,

225 3587 281 3651 Me
294 3598 409 3667 quater
423 3576 570 3654 undenos
584 3589 665 3653 sciat
679 3587 864 3671 implevisse
879 3587 1073 3651 Decembres

449 3688 571 3772 spidum
584 3707 650 3771 quo
664 3688 760 3753 duxit
773 3687 900 3752 lollius
913 3705 1010 3754 enno.

457 3870 491 3906 rx.
503 3856 527 3905 5.
545 3856 675 3908 discedere.
748 3858 772 3906 t.
789 3854 981 3918 quid-heserit
