2842 4342
255 281 329 355 282
636 298 892 351 mammon

254 455 405 522 Iuvenior
417 454 547 520 Parthis
560 454 755 537 mendacior,
770 466 803 519 et
816 456 905 540 prius
918 466 986 521 orto

252 556 327 621 Sole
341 553 420 638 vigil
433 554 601 619 calamum
615 564 647 618 et
660 555 789 619 chartas
803 565 836 619 et
850 556 969 620 scrinia
981 575 1087 640 posco.

253 654 375 719 Navim
389 673 483 737 agere
497 654 630 737 ignarus
643 655 739 718 naris
753 655 862 737 timet;
885 657 1077 721 abrotonum
1090 677 1185 742 aegro

254 753 329 818 Non
337 752 445 833 audet,
454 753 518 816 uisi
529 752 587 835 qui
595 751 716 834 didicit,
726 753 817 817 dare:
832 753 921 838 quod
929 755 1127 822 medicorum
1135 767 1192 837 est,
1206 757 1269 822 llb

253 853 448 917 Promittrmt
461 851 598 934 medici3
621 862 760 916 tractant
773 852 900 917 fabrilia
915 853 1017 919 labri:

253 951 431 1016 Scribimus
446 950 565 1014 indocti
579 950 731 1034 doctique
744 963 895 1034 poemata
907 954 1039 1036 passim

254 1050 317 1113 Hie
332 1069 416 1114 error
429 1060 539 1113 tamen
553 1059 585 1112 et
598 1049 680 1113 levis
694 1050 776 1114 haec
789 1051 917 1115 insania
930 1062 1071 1134 quantas

254 1149 395 1213 Virtutes
408 1149 535 1228 habeat,
551 1148 597 1212 sic
610 1149 745 1232 collige:
768 1153 854 1214 vatis
869 1168 988 1215 avarsus

186 1316 195 1337 ι
254 1249 328 1313 Non
343 1259 461 1312 umere
474 1257 524 1311 est
537 1249 686 1330 animus,
709 1268 824 1313 versus
838 1260 935 1332 amat,
951 1250 1012 1314 hoc
1027 1250 1136 1316 studet
1150 1269 1266 1317 uuum:

254 1347 462 1428 Detrimenta,
477 1346 575 1430 sugas
589 1366 764 1428 servomm,
779 1348 931 1413 incendia
945 1348 1033 1429 ridet,

254 1447 329 1512 Non
343 1446 492 1510 fraudem
505 1447 591 1511 socio
604 1465 745 1531 puerove
759 1448 913 1532 incogitat
927 1448 1029 1513 ullam

255 1545 401 1628 Pupillo;
424 1546 506 1611 sirit
520 1546 645 1629 siliquis
659 1556 692 1611 et
704 1566 790 1630 pane
803 1547 964 1629 secundo;

254 1644 391 1709 Militiae
405 1665 598 1730 quanquam
611 1646 701 1730 piger
715 1657 748 1710 et
761 1646 877 1728 malus,
892 1647 981 1711 utilis
996 1647 1076 1727 urbi,

255 1743 366 1808 Sidae
381 1745 450 1826 hoe,
466 1745 574 1828 parvis
588 1763 719 1828 quoque
733 1746 830 1810 rebus
844 1765 965 1829 magna
974 1745 1091 1830 juvari
1212 1746 1269 1810 12⁶

255 1842 303 1906 Os
318 1853 464 1909 tenerum
478 1844 569 1928 pueri
583 1845 783 1928 balbumque
796 1826 892 1928 poeta
905 1845 1032 1928 figurat,

255 1944 402 2027 Torquet
416 1945 458 2009 ab
472 1945 639 2009 obscoenis
647 1946 719 2029 jam
732 1963 821 2009 nunc
836 1944 1037 2008 sermonibus
1049 1961 1174 2025 aurem,

256 2044 335 2107 Mox
350 2045 448 2107 etiam
462 2054 574 2128 pectus
588 2045 767 2128 praeceptis
780 2043 898 2108 format
911 2044 1034 2128 amicis,

254 2142 444 2225 Asperitatis
457 2152 490 2207 et
503 2142 646 2207 invidiae
660 2153 815 2209 corrector
829 2153 861 2207 et
874 2144 958 2227 irae;

254 2242 354 2307 Recte
368 2240 455 2306 facta
468 2240 570 2324 refert,
585 2242 722 2307 orientia
735 2253 878 2326 tempora
892 2243 977 2308 notis
1211 2242 1269 2309 130

255 2341 389 2406 Instruit
402 2340 569 2427 exemplis,
585 2342 715 2427 inopem
729 2343 851 2407 solatur
863 2351 896 2406 et
910 2361 1054 2427 aegrum

255 2440 363 2505 Castis
377 2459 454 2506 cum
467 2443 574 2525 pueris
588 2442 702 2526 ignara
715 2442 826 2525 puella
839 2443 947 2507 mariti

256 2540 403 2606 Disceret
416 2541 504 2606 unde
518 2561 636 2625 preces,
652 2553 763 2606 vatem
777 2543 813 2607 ni
826 2542 925 2606 Musa
938 2541 1107 2607 dedisset

155 2697 159 2703 .
256 2640 365 2707 Poscit
378 2659 472 2723 opem
486 2640 604 2704 chorus
618 2651 650 2705 et
664 2642 845 2724 praesentia
858 2643 997 2706 numina
1011 2642 1115 2724 sentit,

255 2739 417 2805 Caelestes
431 2739 580 2823 implorat
593 2759 697 2823 aquas
711 2740 808 2805 docta
821 2760 915 2824 prece
928 2740 1079 2821 blandus,
1212 2741 1268 2807 135

256 2840 382 2904 Avertit
394 2840 530 2920 morbos,
545 2839 722 2905 metuenda
735 2840 878 2923 perictda
891 2839 989 2924 pellit,

221 2949 226 2958 ’
255 2939 409 3022 Ιωρεῐταῑ
422 2948 454 3002 et
466 2958 581 3022 pacem
594 2949 628 3003 et
642 2939 836 3023 locupletem
849 2938 996 3023 frugibus
1010 2956 1147 3004 annum

255 3039 407 3102 Carmine
421 3037 456 3101 dl
470 3038 577 3121 superi
591 3038 770 3121 placantur,
784 3038 927 3105 carmine
941 3058 1064 3103 manes.

255 3138 424 3221 Agricolae
439 3137 541 3220 prisci,
556 3136 652 3202 fortes
665 3157 830 3222 parvoque
843 3138 938 3219 beuti,

256 3237 396 3301 Condita
409 3247 481 3321 post
495 3236 657 3302 frumenta
671 3237 817 3302 levantes
832 3247 973 3321 tempore
987 3236 1068 3301 festo
1214 3234 1268 3301 lto

256 3336 381 3418 Corpus
395 3346 428 3400 et
442 3336 551 3420 ipsum
564 3337 713 3402 animum
727 3356 783 3420 spe
798 3337 874 3401 finis
888 3336 970 3400 dura
983 3334 1147 3413 ferentem,

256 3436 344 3501 Cum
358 3435 453 3499 sociis
466 3455 609 3522 operum,
624 3436 732 3521 pueris
746 3446 778 3501 et
791 3437 928 3521 conjuge
942 3435 1019 3517 fida,

256 3532 426 3598 Tellurem
437 3553 541 3617 porco,
556 3535 731 3602 Silvanum
746 3535 829 3600 lacte
842 3536 985 3619 piabant,

256 3630 405 3696 Floribus
419 3641 452 3695 et
465 3633 543 3697 vino
557 3633 708 3715 Genium,
724 3653 901 3699 memorem
913 3633 1019 3698 brevis
1033 3632 1116 3696 aeri

233 3717 237 3727 ’
256 3729 461 3797 Fescennina
475 3750 531 3813 per
544 3732 633 3797 bunc
647 3733 781 3798 inventa
795 3733 927 3798 licentia
939 3750 1071 3811 morem,
1213 3729 1267 3797 ltt
