2842 4342
256 351 329 424 284
628 370 884 422 maronicum

254 527 389 592 Subruit
401 537 460 591 aut
473 525 584 592 reficit
628 527 746 592 Valeat
760 547 810 591 res
824 527 957 609 ludicra,
969 529 1002 592 si
1015 547 1070 594 me
1210 531 1276 597 180

255 628 370 692 Palma
385 638 504 711 negata
517 646 674 708 macrum,
689 627 810 691 donata
824 628 948 692 reducit
961 629 1116 712 opimum.

254 727 358 810 Saepe
372 727 469 791 etiarn
485 726 645 791 audacem
658 726 753 811 fugat
766 728 829 791 boc
844 738 1002 812 terretque
1016 740 1153 812 poetam,

254 827 356 899 Quod
371 847 505 891 numero
519 827 636 910 plures,
652 828 771 890 virtute
785 838 818 890 et
833 828 953 891 bonore
967 830 1116 909 minores,

254 927 380 992 Indocti
395 927 566 1010 stolidique
580 937 612 989 et
625 926 811 1009 depugnare
825 929 936 1010 parati,

255 1028 290 1091 Si
305 1026 464 1091 discordet
477 1046 584 1108 eques,
603 1025 710 1090 media
726 1027 808 1089 inter
822 1028 966 1090 carmina
980 1038 1118 1110 poscunt
1212 1030 1275 1095 185

258 1129 323 1190 Aut
338 1146 451 1190 ursum
466 1136 523 1189 aut
538 1125 682 1208 pugiles:
704 1125 757 1189 his
771 1145 850 1189 nam
864 1126 1033 1209 plebecula
1046 1127 1181 1210 plaudit„

257 1228 375 1291 Verum
391 1226 508 1308 equitis
522 1244 654 1308 quoque
662 1227 735 1310 jam
749 1225 901 1308 migravit
915 1227 957 1291 ab
971 1246 1050 1290 aure
1064 1228 1217 1311 voluptas

255 1328 371 1391 Omnis
386 1326 429 1390 ad
443 1328 582 1390 incertos
596 1324 707 1389 oculos
722 1334 755 1387 et
768 1325 890 1408 gandia
904 1345 1000 1390 vana.

254 1429 408 1498 Quatuor
421 1436 480 1490 aut
493 1426 601 1509 plures
616 1425 733 1489 aulaea
747 1437 937 1508 premuntur
951 1428 984 1490 in
999 1427 1103 1508 horas,

256 1527 346 1590 Dum
360 1526 491 1608 fugiunt
505 1526 653 1608 equitum
668 1535 794 1590 turmae
809 1525 1018 1609 peditumque
1033 1537 1198 1593 catervae:
1213 1529 1276 1594 190

256 1627 335 1691 Mox
350 1625 486 1689 trahitur
499 1625 652 1688 manibus
666 1644 781 1708 regum
795 1625 925 1690 fortuna
939 1627 1070 1707 retortis,

256 1726 381 1790 Esseda
396 1725 557 1805 festinant,
573 1723 704 1806 pilenta,
720 1726 878 1807 petorrita,
893 1745 1003 1807 naves,

254 1827 431 1910 Captivum
446 1833 589 1907 portatur
602 1825 690 1905 ebur,
705 1825 837 1907 captiva
851 1825 1036 1890 Corinthus.

254 1926 290 1989 Si
304 1925 384 1989 foret
397 1943 431 1988 m
446 1924 544 2003 terris,
559 1922 675 1987 rideret
689 1923 903 2005 Democritus,
919 1943 978 1988 seu

254 2025 429 2088 Diversum
443 2022 581 2087 confusa
595 2042 699 2107 genus
714 2024 871 2109 panthera
885 2023 1011 2088 camelo
1213 2025 1275 2091 195

253 2123 329 2189 Sive
344 2122 476 2206 elephas
490 2122 586 2187 albus
601 2122 693 2206 vulgi
707 2110 906 2187 converteret
919 2142 994 2207 ora3
1293 2138 1300 2150 ·

253 2223 418 2304 spectaret
431 2222 590 2305 populum
604 2222 691 2286 ludis
706 2223 861 2287 attentius
875 2223 954 2306 ipsis

253 2321 298 2386 Ut
312 2321 373 2384 sibi
387 2321 594 2403 praebentem
609 2322 710 2385 mimo
725 2321 912 2405 spectacula
925 2322 1027 2405 plura,

252 2420 427 2503 Scriptores
441 2431 553 2485 autem
567 2441 696 2485 narrare
710 2430 838 2504 putaret
852 2420 953 2484 asello

252 2519 423 2586 Fabellam
436 2519 543 2586 surdo.
586 2520 674 2585 Nam
688 2539 774 2604 quae
789 2520 971 2604 pervincere
985 2538 1081 2584 voces
1207 2520 1274 2586 2⁰0

252 2619 415 2685 Evaluere
429 2640 555 2701 sonum,
571 2618 712 2684 referunt
726 2639 826 2702 quern
840 2630 950 2683 nostra
965 2619 1114 2683 mearat

251 2719 442 2802 Garganum
456 2720 580 2802 mugire
595 2730 689 2807 putes
702 2738 821 2782 nemus
835 2728 894 2782 aut
908 2738 997 2783 mare
1011 2717 1185 2802 'l'uscum3

250 2817 362 2883 'Panto
375 2837 453 2881 cum
466 2818 600 2901 strepitu
614 2817 684 2882 ludi
698 2826 886 2899 spectantur
899 2826 932 2880 et
945 2827 1031 2881 artes

251 2916 457 2999 Divitiaeque
471 2917 664 3001 peregrinae,
679 2916 799 2998 quibus
813 2915 932 2980 oblitus
946 2926 1034 2980 actor

250 3017 337 3082 Cum
351 3017 438 3081 stetit
451 3017 486 3080 in
502 3036 609 3096 scena,
624 3018 786 3080 concurrit
798 3015 932 3079 dextera
946 3016 1067 3080 laevae
1205 3016 1273 3082 205

251 3116 344 3181 Dixit
358 3115 467 3180 adhuc
482 3114 632 3198 aliquidl
675 3114 731 3179 Nil
746 3133 835 3181 sane.
878 3115 972 3186 Quid
986 3115 1092 3198 placet
1105 3114 1206 3199 ergol

249 3216 343 3281 Lana
357 3217 536 3281 Tarentino
549 3215 652 3278 violas
666 3215 793 3279 imitata
806 3234 941 3280 veneno.

250 3316 299 3380 Ac
313 3336 355 3380 ne
369 3315 447 3380 sorte
461 3326 563 3399 putes,
579 3333 640 3394 me,
656 3333 742 3397 quae
756 3313 860 3379 facere
874 3315 943 3398 ipse
958 3332 1113 3395 recusem,

250 3415 336 3479 Cum
350 3426 434 3480 recte
449 3425 585 3480 tractent
599 3415 663 3496 alii,
679 3415 813 3479 laudare
827 3415 988 3499 maligne3

249 3512 309 3578 Ille
323 3533 379 3597 per
392 3525 562 3580 extentum
575 3514 690 3580 sunem
705 3515 786 3578 mihi
801 3534 895 3597 posse
909 3514 1038 3579 videtur
1205 3513 1271 3579 alo

250 3611 300 3678 lro
313 3623 416 3697 poeta,
431 3632 543 3678 meum
557 3616 614 3698 qui
629 3623 742 3699 pectus
756 3615 895 3679 inaniter
908 3614 1009 3698 angit,

676 3844 732 3895 186.
748 3845 847 3909 gaudee
