2842 4342
674 317 874 370 cunnum

428 475 549 541 Dicens
563 475 692 559 ignibus
707 493 766 554 un,

469 575 592 640 Tentat
605 573 694 637 mille
708 571 799 637 vafer
812 572 926 637 modis

386 772 432 837 Ut
445 772 598 835 Proetum
612 769 730 833 mulier
743 768 868 853 perfida
881 768 1051 834 credulum

386 871 493 936 Falsis
508 864 669 954 impulerit
682 869 879 951 criminibus,
894 869 992 933 nimis

428 970 526 1033 Casto
540 967 778 1051 Bellerophonti
1243 969 1283 1033 1⁵

467 1068 631 1131 Maturare
646 1086 768 1147 necem,
784 1064 885 1129 refert

385 1263 501 1327 Narrat
515 1281 618 1345 paene
633 1261 749 1325 datum
762 1261 860 1326 Pelea
874 1262 1020 1343 Tartaro,

385 1362 595 1445 Magnessam
609 1360 808 1445 Hippolyten
822 1361 903 1426 dum
918 1361 1002 1445 fugit
1014 1360 1197 1443 abstinens3

426 1461 472 1524 Et
484 1479 616 1543 peecare
630 1459 782 1525 docentes

468 1559 588 1624 Fallax
602 1560 751 1624 historias
766 1571 894 1624 movet:
1239 1558 1283 1624 20
1346 1572 1350 1577 '

385 1755 538 1819 Frustra:
560 1774 638 1820 nam
653 1756 793 1839 scopulis
807 1756 932 1820 surdior
945 1757 1028 1821 Icari

384 1853 488 1917 Voces
502 1856 593 1918 audit
607 1855 717 1918 adhuc
732 1853 864 1938 integer.
906 1857 952 1920 At
966 1855 1024 1920 tibi

426 1953 477 2017 Ne
492 1954 619 2017 vicinus
634 1954 781 2037 Enipeus

468 2051 548 2115 Plus
558 2054 646 2136 Justo
659 2051 794 2135 placeat,
809 2071 907 2116 cave:

384 2247 549 2318 Quamvis
564 2266 630 2311 non
644 2247 729 2311 alius
743 2247 870 2313 flectere
885 2267 1007 2332 equum
1021 2248 1128 2314 sciens
1238 2248 1282 2315 25

384 2346 496 2430 Aeque
510 2346 705 2429 conspicitur
719 2349 865 2430 gramine
879 2348 1005 2429 Martio,

425 2446 494 2511 Nec
508 2445 684 2528 quisquam
698 2447 781 2511 citus
796 2466 898 2530 aeque

467 2543 580 2608 Tusco
595 2543 729 2609 denatat
742 2546 845 2611 alveo.

383 2741 493 2806 Prima
506 2754 599 2807 nocte
614 2743 750 2809 domurn
764 2745 889 2830 claude,
905 2765 1011 2829 neque
1024 2745 1060 2812 in
1073 2744 1145 2810 vias

381 2842 453 2907 Sub
466 2853 567 2907 cantu
581 2845 736 2926 querulae
750 2844 878 2929 despice
893 2845 999 2925 tibiae,
1237 2843 1282 2907 30

426 2941 472 3005 Et
486 2952 517 3006 te
532 2963 628 3026 saepe
642 2945 773 3008 vocanti

467 3041 602 3121 Durem‚
617 3042 759 3105 difficilis
773 3061 880 3106 mane.

510 3281 516 3293 .
535 3242 574 3291 1⁴.
591 3237 739 3303 compulerit
868 3238 911 3291 20.
926 3252 1018 3290 monet.
