2842 4342
269 354 340 431 lm
662 368 876 422 SAfflABUM

308 531 442 613 Semper
455 548 514 611 ego
529 528 666 611 optarim
679 526 904 610 pauperrimus
918 546 989 590 esse
1003 527 1216 591 bonorum-

192 619 200 635 ’
311 630 352 693 At
366 630 394 692 si
408 627 574 692 condoluit
587 635 748 699 tentatum
762 624 876 708 frigore
890 645 1014 709 corpus,
1240 628 1286 692 w

307 730 375 792 Aut
390 726 474 791 elius
488 746 586 791 cesus
600 726 682 789 lecto
696 735 728 788 te
742 723 855 804 affixit,
870 725 972 789 habes
987 726 1043 808 qui

308 827 467 907 Assideat,
483 825 628 890 fomente
640 834 738 907 paret,
753 824 919 889 medicum
932 837 1028 907 roget,
1044 835 1081 889 ut
1094 838 1126 889 te

307 928 455 1005 Suscitet,
471 946 510 989 ao
525 925 610 988 natis
624 923 738 988 reddat
751 924 899 1006 carisque
913 926 1153 1008 propinquis-

307 1027 381 1091 Non
396 1045 479 1089 uxor
492 1024 622 1088 salvum
637 1034 669 1087 to
682 1024 763 1104 vult,
778 1043 846 1087 non
861 1024 966 1088 fitius:
988 1044 1101 1088 omnes

309 1125 414 1189 Vicini
427 1123 571 1203 oderunt,
586 1123 662 1202 noti,
678 1123 769 1205 pueri
783 1132 881 1205 atque
895 1123 1031 1205 puellae.
1238 1124 1283 1188 85

307 1222 443 1302 Miraris,
458 1218 535 1286 eum
549 1233 586 1286 tu
600 1232 733 1305 argento
746 1232 819 1305 post
832 1223 942 1286 omnia
955 1242 1065 1305 ponas,

306 1322 344 1387 Si
357 1341 453 1386 nemo
467 1332 612 1404 praestet,
628 1341 726 1404 quem
740 1341 807 1386 non
821 1324 979 1402 merearis,
995 1322 1158 1385 amorem?

305 1422 350 1484 At
364 1421 393 1484 si
406 1432 568 1503 cognatos,
584 1421 676 1484 nullo
690 1432 809 1485 natura
822 1421 929 1485 labore

305 1520 402 1590 Quos
417 1520 473 1584 tibi
488 1519 553 1599 dat,
569 1521 702 1584 retinere
716 1520 797 1583 velis
812 1539 1002 1602 servareque
1016 1520 1146 1600 amicos,

306 1618 425 1682 Infelix
439 1638 569 1701 operam
583 1618 707 1701 perdas,
724 1629 762 1683 ut
776 1620 805 1682 si
818 1620 892 1701 quis
907 1619 1044 1682 asellum
1237 1620 1282 1683 90

305 1722 344 1786 Iu
359 1740 474 1804 eampo
488 1719 602 1784 doceat
616 1731 782 1804 parentem
796 1740 920 1785 currere
934 1719 1041 1784 frenis.

306 1821 455 1903 Denique
470 1820 511 1883 sit
526 1820 601 1883 finis
614 1819 811 1902 quaerendi3
834 1838 976 1902 eumque
989 1819 1110 1882 habeus
1124 1818 1208 1901 plus,

305 1920 496 2003 Pauperiem
510 1927 637 1983 metuas
651 1919 781 1999 minus;
804 1930 836 1981 et
850 1919 942 1982 finire
956 1919 1097 1982 laborem

304 2018 453 2101 Incipias,
468 2028 558 2101 porto
571 2017 659 2100 quod
674 2019 814 2101 rvebus3
838 2038 880 2082 ne
893 2017 995 2082 facias
1008 2017 1096 2100 quod

303 2117 490 2182 Ummidius
505 2117 748 2200 quidam-non
763 2118 861 2201 longo
874 2128 923 2182 est
937 2117 1191 2199 fabule-dives,
1233 2119 1277 2184 95

303 2215 349 2279 Ut
362 2216 526 2279 metiretur
539 2236 701 2297 nummos,
718 2219 763 2280 ita
777 2217 935 2299 sordidus,
951 2226 988 2282 ut
1003 2237 1037 2280 se

303 2313 378 2379 Non
392 2334 540 2398 unquam
555 2335 647 2379 servo
660 2317 777 2380 melius
792 2318 938 2399 vestiret3
961 2317 1004 2380 ed
1019 2336 1123 2399 usque

302 2413 498 2496 Supremum
512 2425 649 2498 tempus,
665 2435 706 2480 ne
721 2436 755 2480 se
770 2418 905 2499 penuria
919 2418 1025 2481 vietus

303 2511 511 2596 opprimeret,
526 2515 698 2578 metuebat
743 2515 787 2578 At
801 2516 891 2579 huno
905 2516 1019 2580 liberta
1032 2516 1135 2579 securi

302 2612 422 2675 Divisit
436 2613 590 2695 medium,
606 2613 780 2678 fortissimo
794 2615 1115 2698 Tyndaridarum—
1215 2615 1278 2679 100

302 2711 395 2781 Quid
409 2722 455 2776 mt
470 2713 565 2796 igitur
579 2714 718 2778 suades?
741 2724 778 2778 ut
791 2717 903 2780 vivam
918 2716 1084 2780 Naevius?
1105 2727 1164 2779 aut
1175 2716 1231 2797 sio,

302 2810 347 2875 Ut
362 2811 587 2876 Nomentanus
595 2813 766 2897 i—Pergis
780 2816 960 2898 pugnantia
974 2835 1085 2879 seeum

301 2909 476 2975 Frontibus
490 2911 635 2976 adversis
649 2932 849 2997 componere.
894 2915 967 2979 Non
982 2935 1050 2998 ego,
1066 2934 1205 2979 avarum

302 3007 389 3072 Cum
402 3020 475 3072 veto
490 3022 520 3073 te
536 3010 613 3092 fieri,
628 3032 770 3095 vappam
779 3015 878 3097 jubeo
892 3033 931 3077 ae
945 3016 1149 3078 nebulonem

301 3105 364 3170 Est
377 3109 458 3172 inter
472 3110 605 3173 Tanain
619 3112 778 3192 quiddam
792 3133 1002 3197 socerumque
1018 3115 1137 3179 Visellt
1216 3117 1278 3180 loo

301 3204 363 3269 Est
376 3207 493 3271 modus
507 3208 541 3272 in
555 3209 651 3274 rebus
664 3233 672 3292 ;
696 3222 774 3275 sunt
788 3215 865 3276 certi
880 3213 1020 3296 denique
1035 3214 1126 3297 fines,

301 3305 396 3374 Quos
412 3306 495 3370 ultra
509 3308 652 3391 citroque
666 3305 780 3393 nequit
793 3312 964 3376 consistere
979 3324 1110 3377 rectum

302 3402 393 3483 illuc,
409 3405 497 3469 unde
511 3408 585 3488 abii,
601 3408 702 3489 redeo,
719 3430 814 3473 nemo
829 3421 866 3474 ut
882 3431 1001 3476 avarus

567 3592 607 3641 79.
625 3602 742 3653 optarem.
812 3596 853 3646 81.
871 3595 964 3646 afflixit.

356 3665 396 3717 88.
415 3666 513 3730 Anam
532 3670 815 3734 Orelliuesnesiprk
827 3678 890 3740 conj.
903 3676 965 3733 Etsi,
978 3676 1035 3726 Non
1046 3679 1076 3734 si,
1087 3676 1177 3725 Antei.

319 3746 358 3798 Ω.
375 3762 473 3809 quoquo.
540 3749 580 3800 95.
598 3749 764 3805 Nummidius.
833 3756 886 3806 101.
905 3756 1012 3814 Quidue.
1081 3757 1134 3806 106.
1152 3757 1219 3806 recti.

585 3832 638 3881 108.
655 3834 735 3883 redeo.
770 3833 876 3886 Nemou'
889 3848 955 3887 ut-.
