2842 4342
514 342 634 391 amna
684 340 832 391 uxvm
1121 321 1193 394 loa

291 499 469 580 Fraterque
483 498 596 581 magni
610 497 762 577 Castoris,
777 497 855 561 victi
868 516 971 580 prece,

290 597 454 681 Adempta
468 599 535 662 vati
550 597 714 662 reddidere
729 597 874 662 lumina:

294 698 338 762 Et
352 709 397 778 tu,
412 708 503 781 potes
516 716 603 777 nam,
619 698 710 761 solve
725 717 778 761 me
792 697 964 779 dementia,
1150 698 1193 762 45

292 797 324 861 Ο
338 815 399 861 neo
413 797 554 879 paternis
567 796 711 861 obsoleta
726 795 882 876 sordibus,

293 898 363 963 Neo
377 898 411 961 in
427 896 580 979 sepulcris
593 915 774 979 pauperum
789 895 929 980 pmdens
943 915 1028 961 anus

293 995 512 1061 Novendiales
525 995 680 1079 dissipare
694 996 864 1079 pulveres!

296 1096 376 1160 Tibi
389 1096 545 1179 hospitale
560 1106 673 1178 pectus
687 1106 720 1158 et
733 1115 833 1179 purae
847 1115 976 1176 manus,

294 1195 457 1277 'suusque
471 1206 583 1258 venter
596 1195 814 1274 Pactumeius,
829 1205 862 1258 ct
876 1205 933 1258 tuo

295 1295 415 1358 cruore
430 1295 541 1358 rubros
556 1295 709 1358 obstetrix
723 1313 848 1377 pannos
863 1294 951 1376 lavit,

295 1394 470 1478 Utcunque
485 1393 573 1459 sortis
587 1394 699 1458 exsilis
713 1413 877 1478 puerpera

526 1697 665 1738 aarum
684 1696 849 1739 nassonem.

296 1840 389 1910 Quid
404 1841 557 1903 obseratis
571 1841 703 1904 auribus
719 1839 830 1904 fundis
844 1839 976 1923 preces?

296 1939 371 2005 Non
385 1960 468 2003 saxa
482 1939 579 2003 nudis
594 1939 740 2003 surdiora
754 1941 874 2003 navitis

296 2039 469 2122 Neptunus
485 2038 550 2102 alto
564 2038 672 2102 tundit
685 2039 840 2103 bibemus
855 2039 933 2102 salo.

296 2138 425 2203 Inultus
439 2149 477 2203 ut
491 2150 525 2203 tu
541 2140 646 2203 riseris
661 2139 806 2222 Cotyttia

296 2238 445 2321 Vulgata,
461 2258 590 2303 sacrum
604 2239 694 2303 liberi
709 2238 879 2321 cupidinis,

295 2337 349 2419 Et,
364 2337 528 2420 Esquilini
542 2335 688 2422 pontifex
702 2336 849 2417 venefici,

295 2436 434 2520 Inrpune
445 2448 483 2501 ut
495 2437 616 2502 Urbem
632 2438 763 2501 nomine
778 2436 918 2520 impleris
933 2437 1028 2501 meoi

296 2535 390 2606 Quid
403 2536 549 2620 proderat
563 2537 682 2601 ditasse
697 2536 850 2621 Pelignus
864 2555 957 2617 anus,

297 2634 488 2699 Velociusve
502 2636 671 2700 miscuisse
686 2636 855 2700 toxicum?

297 2734 362 2798 Sed
376 2734 515 2799 tardiora
528 2734 597 2799 fata
610 2746 641 2799 te
655 2736 741 2799 votis
754 2746 888 2799 manent
900 2758 907 2817 ;

296 2834 429 2918 Ingrata
441 2835 559 2899 misero
573 2836 641 2898 rita
655 2835 806 2900 ducenda
820 2845 869 2901 est
884 2836 918 2899 in
932 2835 1003 2915 hoc,

295 2933 397 2998 Novis
412 2946 567 3017 utusque
581 2945 734 3018 suppetas
749 2935 919 2999 laboribus.

296 3031 396 3116 Optat
408 3034 551 3116 quietem
564 3034 692 3117 Pelopis
706 3033 799 3098 infidi
813 3044 911 3118 pater,

297 3132 408 3216 Egens
421 3134 581 3217 benignae
594 3133 760 3211 Tantalus
775 3154 900 3217 semper
913 3133 1024 3216 dapis3

297 3232 397 3315 Optat
409 3232 620 3297 Prometheus
635 3234 797 3317 obligatus
812 3233 889 3313 aliti,

296 3330 395 3415 Optat
409 3351 558 3416 supremo
571 3333 727 3397 collocare
742 3333 904 3417 Sisyphus

296 3430 336 3494 In
349 3443 458 3496 monte
473 3452 610 3496 saxum:
633 3432 691 3496 sed
705 3443 817 3497 vetant
830 3433 918 3515 leges
932 3431 1032 3496 Jovis.

294 3527 389 3594 Voles
402 3531 499 3595 modo
514 3532 588 3595 altis
602 3531 729 3596 desilire
744 3532 893 3612 turribus,
1150 3531 1194 3595 70

236 3742 277 3794 5⁰0
292 3748 447 3807 parmena
497 3747 538 3797 56.
555 3758 581 3797 et
592 3759 625 3797 tu.
677 3747 717 3797 60.
735 3747 846 3809 proderit.
897 3746 937 3798 62.
955 3742 1137 3798 Si-manentt

403 3826 443 3878 64.
459 3828 587 3880 doloribm
637 3830 676 3880 65.
694 3827 788 3879 infidus
838 3828 878 3880 67.
896 3829 962 3880 alite.
