2842 4342
501 323 822 398 mammam
1094 325 1166 402 28⁸1

515 648 731 712 marona
761 648 805 711 11.

376 854 380 860 ⁷
414 863 471 909 An
499 864 675 909 sunium
704 864 909 910 nonum.

234 1043 340 1124 Flore,
353 1042 438 1107 bono
452 1042 603 1126 claroque
617 1041 723 1107 fidelia
736 1042 841 1107 amice
855 1042 984 1124 Neroni,

189 1144 318 1228 Siquis
332 1142 411 1207 forte
425 1140 504 1206 velit
516 1161 654 1226 puerum
669 1142 726 1207 tibi
739 1141 879 1206 vendere
892 1152 1008 1210 natum

189 1245 318 1309 Tibure
332 1242 385 1307 vel
399 1241 520 1323 Gabiis,
535 1251 568 1305 et
581 1252 690 1306 tecum
704 1241 751 1306 sie
765 1253 842 1327 agat
853 1243 977 1323 2-Hie,
992 1251 1025 1306 et

191 1341 364 1408 Candidus
378 1352 411 1406 et
424 1341 506 1406 talos
521 1361 542 1405 a
556 1341 673 1405 vertice
687 1341 823 1425 pulcher
836 1341 880 1405 ad
893 1342 983 1424 imos,

191 1444 267 1507 Fiet
280 1442 404 1525 eritque
418 1452 494 1505 tuus
508 1459 717 1506 nummorum
731 1441 875 1506 millibus
888 1452 968 1522 oeto,
1144 1439 1167 1504 ὅ

191 1543 300 1607 Vema
313 1540 498 1606 ministeriis
511 1540 554 1604 ad
569 1551 665 1606 natus
679 1553 776 1624 aptus
790 1541 915 1621 beriles,

190 1640 358 1706 Litterulia
372 1640 504 1705 Graecia
516 1640 671 1715 imbutus,
687 1640 822 1705 idoneus
836 1641 898 1704 arti

191 1741 354 1823 Cuilibet3
376 1740 491 1825 argilla
504 1740 634 1823 quidvis
648 1742 826 1806 imitabitur
840 1741 922 1825 uda3
1024 1756 1027 1761 '
1121 1804 1123 1808 .

191 1842 288 1912 Quin
302 1841 400 1905 etiam
413 1851 508 1905 canet
521 1840 698 1922 indoctum,
714 1840 772 1904 sed
786 1840 882 1905 dulce
896 1842 1025 1907 bibenti.

192 1939 301 2004 Multa
315 1937 415 2004 fidem
428 1940 585 2022 promissa
599 1939 719 2021 levant,
735 1940 791 2005 nbi
804 1938 932 2023 plenius
946 1960 1052 2024 aequo
1126 1941 1168 2006 10

191 2038 325 2104 laudat
338 2039 480 2120 venales,
495 2041 553 2122 qui
566 2040 639 2104 vult
652 2039 832 2121 extrudere,
847 2059 978 2105 meroes.

190 2139 260 2205 Res
274 2148 366 2222 urget
380 2157 432 2205 me
447 2139 558 2204 nulla:
581 2159 654 2204 meo
667 2159 743 2205 sum
757 2160 880 2225 pauper
894 2140 928 2205 in
942 2160 1024 2206 aere.

192 2239 299 2304 Nemo
315 2239 377 2303 boc
391 2258 593 2323 mangonum
607 2237 726 2303 faceret
740 2240 815 2322 tibi3
837 2260 905 2305 non
919 2251 1036 2305 temere
1050 2260 1072 2305 e
1085 2259 1138 2306 me

192 2338 317 2408 Quivis
330 2337 424 2402 ferret
437 2337 532 2403 idem.
575 2339 684 2405 Semel
698 2340 753 2404 bie
766 2341 914 2422 cessavit,
929 2352 970 2422 et,
985 2351 1023 2404 nt
1036 2340 1082 2421 fit,

193 2438 234 2501 ln
249 2437 346 2501 waba
359 2437 461 2518 latuit,
477 2449 625 2503 metuens
639 2439 809 2523 pendentis
823 2440 970 2505 habenae
980 2462 1032 2504 :-
1127 2442 1167 2504 15

193 2538 264 2602 Dee
276 2556 437 2618 nummos,
452 2548 588 2621 excepta
601 2538 683 2603 nibil
698 2550 729 2603 te
744 2540 772 2602 si
786 2538 866 2623 fuga
879 2539 1005 2623 laedat3

194 2637 255 2702 Ille
269 2636 349 2701 serat
362 2637 500 2720 pretium
514 2657 636 2721 poenae
650 2624 792 2719 aeturus,
807 2640 927 2722 opinor.

193 2735 342 2801 Prudens
356 2737 461 2801 emisti
475 2737 646 2819 vitiosum3
669 2737 758 2802 dieta
772 2737 828 2801 tibi
842 2748 892 2801 est
906 2737 977 2801 lex:

194 2834 378 2918 hoequerio
393 2846 503 2899 tamen
517 2836 606 2900 buno
620 2846 653 2899 et
667 2836 722 2900 lite
736 2838 871 2900 moraris
885 2835 1022 2919 iniqua?

195 2933 276 2997 Dixi
290 2952 343 2997 me
356 2934 484 3017 pigrum
497 2933 710 3017 proficiscenti
726 2935 791 3016 tibi,
807 2934 877 3000 dixi
1125 2931 1170 2997 20

195 3032 337 3097 Talibus
350 3032 464 3098 officiis
478 3052 574 3117 prope
589 3053 753 3116 maneum,
768 3054 810 3098 ne
824 3055 898 3099 mea
911 3053 1030 3099 saevus

195 3130 216 3197 J
218 3150 349 3215 urgeres
363 3131 407 3195 ad
420 3142 451 3196 te
465 3133 553 3215 quod
567 3134 702 3217 epistola
715 3134 808 3198 nulla
821 3133 944 3198 rediret

196 3229 291 3301 Quid
305 3240 376 3294 tum
389 3230 516 3314 proieci,
531 3251 662 3296 meeum
675 3232 827 3297 facientia
836 3235 912 3318 jura

197 3329 233 3393 si
247 3339 358 3393 tamen
372 3330 535 3395 attentae?
577 3333 731 3402 Quereris
746 3351 843 3415 super
856 3333 918 3397 boc
932 3330 1039 3412 etiam,
1054 3329 1142 3414 quod

197 3427 398 3512 Exspectata
411 3428 469 3495 tibi
482 3449 550 3495 non
563 3431 690 3496 mittem
703 3432 849 3497 earmina
863 3430 1015 3496 mendax„
1126 3429 1171 3495 25

197 3526 317 3591 Lucilli
330 3527 424 3593 miles
438 3528 572 3593 oolleota
587 3530 706 3594 viatica
720 3532 831 3596 multis

199 3626 380 3710 naumain,
395 3627 502 3694 lassus
515 3630 597 3696 dum
611 3640 709 3695 noctu
724 3633 832 3712 stertit,
847 3632 891 3696 ad
904 3650 1011 3697 assem

544 3827 574 3879 Ε.
587 3831 610 3881 ii
622 3829 663 3880 22.
680 3832 781 3881 veniret.
