<?xml version="1.0" encoding="UTF-8"?>
<!DOCTYPE html PUBLIC "-//W3C//DTD XHTML 1.0 Transitional//EN"
    "http://www.w3.org/TR/xhtml1/DTD/xhtml1-transitional.dtd">
<html xmlns="http://www.w3.org/1999/xhtml" xml:lang="en" lang="en">
 <head>
  <title>
</title>
<meta http-equiv="Content-Type" content="text/html;charset=utf-8" />
  <meta name='ocr-system' content='tesseract 3.04.00' />
  <meta name='ocr-capabilities' content='ocr_page ocr_carea ocr_par ocr_line ocrx_word'/>
</head>
<body>
  <div class='ocr_page' id='page_1' title='image "./workshorace09horagoog_0274.png"; bbox 0 0 2842 4342; ppageno 0'>
   <div class='ocr_carea' id='block_1_1' title="bbox 239 296 849 397">
    <p class='ocr_par' dir='ltr' id='par_1_1' title="bbox 239 296 849 397">
     <span class='ocr_line' id='line_1_1' title="bbox 239 296 849 397; baseline 0.002 -9"><span class='ocrx_word' id='word_1_1' title='bbox 239 296 312 397; x_wconf 63' lang='lat'><strong>226</strong></span> <span class='ocrx_word' id='word_1_2' title='bbox 634 337 849 389; x_wconf 69' lang='lat' dir='ltr'><strong>sumansu</strong></span> 
     </span>
    </p>
   </div>
   <div class='ocr_carea' id='block_1_2' title="bbox 279 493 1393 3360">
    <p class='ocr_par' dir='ltr' id='par_1_2' title="bbox 282 493 1028 563">
     <span class='ocr_line' id='line_1_2' title="bbox 282 493 1028 563; baseline -0.007 0"><span class='ocrx_word' id='word_1_3' title='bbox 282 498 352 563; x_wconf 89' lang='lat' dir='ltr'><strong>Hoc</strong></span> <span class='ocrx_word' id='word_1_4' title='bbox 367 497 423 561; x_wconf 91' lang='lat' dir='ltr'><strong>ubi</strong></span> <span class='ocrx_word' id='word_1_5' title='bbox 436 494 613 561; x_wconf 83' lang='lat' dir='ltr'><strong>confusum</strong></span> <span class='ocrx_word' id='word_1_6' title='bbox 626 496 723 558; x_wconf 88' lang='lat' dir='ltr'><strong>sectis</strong></span> <span class='ocrx_word' id='word_1_7' title='bbox 736 493 889 558; x_wconf 78' lang='lat' dir='ltr'><strong>inferbuit</strong></span> <span class='ocrx_word' id='word_1_8' title='bbox 901 495 1028 559; x_wconf 81' lang='lat' dir='ltr'><strong>herbis·</strong></span> 
     </span>
    </p>

    <p class='ocr_par' dir='ltr' id='par_1_3' title="bbox 282 594 1130 679">
     <span class='ocr_line' id='line_1_3' title="bbox 282 594 1130 679; baseline -0.002 -18"><span class='ocrx_word' id='word_1_9' title='bbox 282 596 482 679; x_wconf 80' lang='lat' dir='ltr'><strong>Corycioque</strong></span> <span class='ocrx_word' id='word_1_10' title='bbox 496 613 589 660; x_wconf 89' lang='lat' dir='ltr'><strong>eroco</strong></span> <span class='ocrx_word' id='word_1_11' title='bbox 603 612 754 677; x_wconf 84' lang='lat' dir='ltr'><strong>sparsum</strong></span> <span class='ocrx_word' id='word_1_12' title='bbox 767 595 861 676; x_wconf 85' lang='lat' dir='ltr'><strong>stetit,</strong></span> <span class='ocrx_word' id='word_1_13' title='bbox 876 594 1008 678; x_wconf 84' lang='lat' dir='ltr'><strong>insuper</strong></span> <span class='ocrx_word' id='word_1_14' title='bbox 1021 594 1130 676; x_wconf 83' lang='lat' dir='ltr'><strong>addas,</strong></span> 
     </span>
    </p>

    <p class='ocr_par' dir='ltr' id='par_1_4' title="bbox 281 692 1100 776">
     <span class='ocr_line' id='line_1_4' title="bbox 281 692 1100 776; baseline -0.001 -16"><span class='ocrx_word' id='word_1_15' title='bbox 281 696 398 760; x_wconf 80' lang='lat' dir='ltr'><strong>Pressa</strong></span> <span class='ocrx_word' id='word_1_16' title='bbox 411 693 617 759; x_wconf 75' lang='lat' dir='ltr'><strong>Venafranae</strong></span> <span class='ocrx_word' id='word_1_17' title='bbox 630 692 721 776; x_wconf 90' lang='lat' dir='ltr'><strong>qnod</strong></span> <span class='ocrx_word' id='word_1_18' title='bbox 734 695 837 758; x_wconf 84' lang='lat' dir='ltr'><strong>bacca</strong></span> <span class='ocrx_word' id='word_1_19' title='bbox 851 694 974 758; x_wconf 76' lang='lat' dir='ltr'><strong>remisit</strong></span> <span class='ocrx_word' id='word_1_20' title='bbox 987 695 1100 759; x_wconf 80' lang='lat' dir='ltr'><strong>olivae</strong></span> 
     </span>
    </p>

    <p class='ocr_par' dir='ltr' id='par_1_5' title="bbox 282 792 1256 976">
     <span class='ocr_line' id='line_1_5' title="bbox 282 792 1256 876; baseline 0.001 -17"><span class='ocrx_word' id='word_1_21' title='bbox 282 795 413 860; x_wconf 86' lang='lat' dir='ltr'><strong>Picenis</strong></span> <span class='ocrx_word' id='word_1_22' title='bbox 426 794 549 858; x_wconf 86' lang='lat' dir='ltr'><strong>cedunt</strong></span> <span class='ocrx_word' id='word_1_23' title='bbox 562 794 668 876; x_wconf 91' lang='lat' dir='ltr'><strong>pomis</strong></span> <span class='ocrx_word' id='word_1_24' title='bbox 682 792 836 857; x_wconf 88' lang='lat' dir='ltr'><strong>Tiburtia</strong></span> <span class='ocrx_word' id='word_1_25' title='bbox 849 812 964 857; x_wconf 85' lang='lat' dir='ltr'><strong>succo:</strong></span> <span class='ocrx_word' id='word_1_26' title='bbox 1213 797 1256 860; x_wconf 90' lang='grc'><strong>70</strong></span> 
     </span>
     <span class='ocr_line' id='line_1_6' title="bbox 283 892 1142 976; baseline -0.002 -18"><span class='ocrx_word' id='word_1_27' title='bbox 283 893 371 958; x_wconf 80' lang='lat' dir='ltr'><strong>Nam</strong></span> <span class='ocrx_word' id='word_1_28' title='bbox 386 893 469 957; x_wconf 85' lang='lat' dir='ltr'><strong>facie</strong></span> <span class='ocrx_word' id='word_1_29' title='bbox 484 901 657 976; x_wconf 85' lang='lat' dir='ltr'><strong>praestent.</strong></span> <span class='ocrx_word' id='word_1_30' title='bbox 701 892 873 957; x_wconf 74' lang='lat' dir='ltr'><strong>Venucula</strong></span> <span class='ocrx_word' id='word_1_31' title='bbox 886 893 1038 957; x_wconf 86' lang='lat' dir='ltr'><strong>convenit</strong></span> <span class='ocrx_word' id='word_1_32' title='bbox 1051 893 1142 976; x_wconf 81' lang='lat' dir='ltr'><strong>ollis3</strong></span> 
     </span>
    </p>

    <p class='ocr_par' dir='ltr' id='par_1_6' title="bbox 286 990 1007 1059">
     <span class='ocr_line' id='line_1_7' title="bbox 286 990 1007 1059; baseline -0.001 -1"><span class='ocrx_word' id='word_1_33' title='bbox 286 993 417 1058; x_wconf 78' lang='lat' dir='ltr'><strong>Rectius</strong></span> <span class='ocrx_word' id='word_1_34' title='bbox 431 993 595 1059; x_wconf 85' lang='lat' dir='ltr'><strong>Albanum</strong></span> <span class='ocrx_word' id='word_1_35' title='bbox 608 991 701 1057; x_wconf 85' lang='lat' dir='ltr'><strong>furno</strong></span> <span class='ocrx_word' id='word_1_36' title='bbox 714 990 882 1056; x_wconf 78' lang='lat' dir='ltr'><strong>duraveris</strong></span> <span class='ocrx_word' id='word_1_37' title='bbox 897 1012 1007 1057; x_wconf 83' lang='lat' dir='ltr'><strong>uvam</strong></span> 
     </span>
    </p>

    <p class='ocr_par' dir='ltr' id='par_1_7' title="bbox 284 1090 1257 1574">
     <span class='ocr_line' id='line_1_8' title="bbox 286 1090 1160 1176; baseline -0.001 -18"><span class='ocrx_word' id='word_1_38' title='bbox 286 1092 380 1158; x_wconf 84' lang='lat' dir='ltr'><strong>Hunc</strong></span> <span class='ocrx_word' id='word_1_39' title='bbox 394 1112 454 1176; x_wconf 80' lang='lat' dir='ltr'><strong>ego</strong></span> <span class='ocrx_word' id='word_1_40' title='bbox 468 1111 547 1156; x_wconf 91' lang='lat' dir='ltr'><strong>cum</strong></span> <span class='ocrx_word' id='word_1_41' title='bbox 560 1091 664 1171; x_wconf 80' lang='lat' dir='ltr'><strong>maha,</strong></span> <span class='ocrx_word' id='word_1_42' title='bbox 681 1110 742 1174; x_wconf 83' lang='lat' dir='ltr'><strong>ego</strong></span> <span class='ocrx_word' id='word_1_43' title='bbox 756 1090 880 1156; x_wconf 83' lang='lat' dir='ltr'><strong>faecem</strong></span> <span class='ocrx_word' id='word_1_44' title='bbox 894 1093 1018 1175; x_wconf 84' lang='lat' dir='ltr'><strong>primns</strong></span> <span class='ocrx_word' id='word_1_45' title='bbox 1033 1104 1064 1157; x_wconf 89' lang='lat' dir='ltr'><strong>et</strong></span> <span class='ocrx_word' id='word_1_46' title='bbox 1078 1093 1160 1157; x_wconf 82' lang='lat' dir='ltr'><strong>allec</strong></span> 
     </span>
     <span class='ocr_line' id='line_1_9' title="bbox 286 1191 1135 1277; baseline -0.002 -19"><span class='ocrx_word' id='word_1_47' title='bbox 286 1193 414 1259; x_wconf 82' lang='lat' dir='ltr'><strong>Primus</strong></span> <span class='ocrx_word' id='word_1_48' title='bbox 427 1203 461 1256; x_wconf 88' lang='lat' dir='ltr'><strong>et</strong></span> <span class='ocrx_word' id='word_1_49' title='bbox 473 1192 619 1256; x_wconf 86' lang='lat' dir='ltr'><strong>invenior</strong></span> <span class='ocrx_word' id='word_1_50' title='bbox 632 1191 723 1274; x_wconf 87' lang='lat' dir='ltr'><strong>piper</strong></span> <span class='ocrx_word' id='word_1_51' title='bbox 735 1191 857 1272; x_wconf 74' lang='lat' dir='ltr'><strong>album,</strong></span> <span class='ocrx_word' id='word_1_52' title='bbox 871 1211 950 1256; x_wconf 91' lang='lat' dir='ltr'><strong>cum</strong></span> <span class='ocrx_word' id='word_1_53' title='bbox 962 1193 1031 1256; x_wconf 87' lang='lat' dir='ltr'><strong>sale</strong></span> <span class='ocrx_word' id='word_1_54' title='bbox 1044 1193 1135 1277; x_wconf 81' lang='lat' dir='ltr'><strong>nigro</strong></span> 
     </span>
     <span class='ocr_line' id='line_1_10' title="bbox 284 1290 1257 1373; baseline 0.002 -18"><span class='ocrx_word' id='word_1_55' title='bbox 284 1293 456 1371; x_wconf 84' lang='lat' dir='ltr'><strong>lucratum,</strong></span> <span class='ocrx_word' id='word_1_56' title='bbox 472 1291 561 1373; x_wconf 89' lang='lat' dir='ltr'><strong>puris</strong></span> <span class='ocrx_word' id='word_1_57' title='bbox 575 1290 846 1373; x_wconf 86' lang='lat' dir='ltr'><strong>circumposuisse</strong></span> <span class='ocrx_word' id='word_1_58' title='bbox 859 1290 985 1354; x_wconf 77' lang='lat' dir='ltr'><strong>sedilis</strong></span> <span class='ocrx_word' id='word_1_59' title='bbox 1216 1294 1257 1357; x_wconf 77' lang='lat'><strong>⁷6</strong></span> 
     </span>
     <span class='ocr_line' id='line_1_11' title="bbox 285 1389 1111 1471; baseline -0.002 -16"><span class='ocrx_word' id='word_1_60' title='bbox 285 1392 434 1455; x_wconf 82' lang='lat' dir='ltr'><strong>Immune</strong></span> <span class='ocrx_word' id='word_1_61' title='bbox 447 1400 498 1453; x_wconf 86' lang='lat' dir='ltr'><strong>est</strong></span> <span class='ocrx_word' id='word_1_62' title='bbox 510 1390 637 1471; x_wconf 82' lang='lat' dir='ltr'><strong>vitium,</strong></span> <span class='ocrx_word' id='word_1_63' title='bbox 652 1389 730 1455; x_wconf 87' lang='lat' dir='ltr'><strong>dare</strong></span> <span class='ocrx_word' id='word_1_64' title='bbox 743 1390 849 1455; x_wconf 82' lang='lat' dir='ltr'><strong>millia</strong></span> <span class='ocrx_word' id='word_1_65' title='bbox 862 1400 954 1454; x_wconf 85' lang='lat' dir='ltr'><strong>terna</strong></span> <span class='ocrx_word' id='word_1_66' title='bbox 965 1389 1111 1471; x_wconf 86' lang='lat' dir='ltr'><strong>macello,</strong></span> 
     </span>
     <span class='ocr_line' id='line_1_12' title="bbox 285 1490 992 1574; baseline -0.001 -19"><span class='ocrx_word' id='word_1_67' title='bbox 285 1492 498 1574; x_wconf 76' lang='lat' dir='ltr'><strong>Anguemque</strong></span> <span class='ocrx_word' id='word_1_68' title='bbox 512 1509 614 1573; x_wconf 79' lang='lat' dir='ltr'><strong>vagos</strong></span> <span class='ocrx_word' id='word_1_69' title='bbox 627 1490 733 1573; x_wconf 83' lang='lat' dir='ltr'><strong>pisces</strong></span> <span class='ocrx_word' id='word_1_70' title='bbox 747 1509 860 1573; x_wconf 83' lang='lat' dir='ltr'><strong>urgere</strong></span> <span class='ocrx_word' id='word_1_71' title='bbox 874 1490 992 1554; x_wconf 75' lang='lat' dir='ltr'><strong>cauno.</strong></span> 
     </span>
    </p>

    <p class='ocr_par' dir='ltr' id='par_1_8' title="bbox 279 1586 1158 1773">
     <span class='ocr_line' id='line_1_13' title="bbox 279 1586 1158 1674; baseline -0.003 -18"><span class='ocrx_word' id='word_1_72' title='bbox 279 1586 410 1674; x_wconf 85' lang='lat' dir='ltr'><strong>¹Magna</strong></span> <span class='ocrx_word' id='word_1_73' title='bbox 425 1600 534 1653; x_wconf 85' lang='lat' dir='ltr'><strong>movet</strong></span> <span class='ocrx_word' id='word_1_74' title='bbox 547 1589 716 1654; x_wconf 77' lang='lat' dir='ltr'><strong>stomacho</strong></span> <span class='ocrx_word' id='word_1_75' title='bbox 729 1589 868 1669; x_wconf 82' lang='lat' dir='ltr'><strong>fastidia,</strong></span> <span class='ocrx_word' id='word_1_76' title='bbox 884 1608 944 1653; x_wconf 90' lang='lat' dir='ltr'><strong>seu</strong></span> <span class='ocrx_word' id='word_1_77' title='bbox 956 1608 1037 1673; x_wconf 88' lang='lat' dir='ltr'><strong>puer</strong></span> <span class='ocrx_word' id='word_1_78' title='bbox 1049 1589 1158 1653; x_wconf 85' lang='lat' dir='ltr'><strong>unctis</strong></span> 
     </span>
     <span class='ocr_line' id='line_1_14' title="bbox 286 1687 1105 1773; baseline -0.004 -18"><span class='ocrx_word' id='word_1_79' title='bbox 286 1689 456 1756; x_wconf 79' lang='lat' dir='ltr'><strong>&#39;Praeterit</strong></span> <span class='ocrx_word' id='word_1_80' title='bbox 469 1688 604 1753; x_wconf 77' lang='lat' dir='ltr'><strong>eahoam</strong></span> <span class='ocrx_word' id='word_1_81' title='bbox 617 1689 779 1768; x_wconf 88' lang='lat' dir='ltr'><strong>manibus,</strong></span> <span class='ocrx_word' id='word_1_82' title='bbox 794 1688 876 1753; x_wconf 92' lang='lat' dir='ltr'><strong>dum</strong></span> <span class='ocrx_word' id='word_1_83' title='bbox 889 1687 976 1752; x_wconf 81' lang='lat' dir='ltr'><strong>furta</strong></span> <span class='ocrx_word' id='word_1_84' title='bbox 989 1688 1105 1773; x_wconf 79' lang='lat' dir='ltr'><strong>ligurit,</strong></span> 
     </span>
    </p>

    <p class='ocr_par' dir='ltr' id='par_1_9' title="bbox 287 1787 1259 2070">
     <span class='ocr_line' id='line_1_15' title="bbox 287 1787 1259 1871; baseline -0.001 -18"><span class='ocrx_word' id='word_1_85' title='bbox 287 1789 364 1854; x_wconf 83' lang='lat' dir='ltr'><strong>Sive</strong></span> <span class='ocrx_word' id='word_1_86' title='bbox 379 1788 488 1871; x_wconf 83' lang='lat' dir='ltr'><strong>gravis</strong></span> <span class='ocrx_word' id='word_1_87' title='bbox 502 1787 602 1852; x_wconf 84' lang='lat' dir='ltr'><strong>veteri</strong></span> <span class='ocrx_word' id='word_1_88' title='bbox 615 1798 758 1853; x_wconf 86' lang='lat' dir='ltr'><strong>craterae</strong></span> <span class='ocrx_word' id='word_1_89' title='bbox 772 1788 871 1852; x_wconf 86' lang='lat' dir='ltr'><strong>limus</strong></span> <span class='ocrx_word' id='word_1_90' title='bbox 885 1787 1041 1852; x_wconf 86' lang='lat' dir='ltr'><strong>adhaesit</strong></span> <span class='ocrx_word' id='word_1_91' title='bbox 1217 1788 1259 1852; x_wconf 86' lang='grc'><strong>80</strong></span> 
     </span>
     <span class='ocr_line' id='line_1_16' title="bbox 288 1871 1208 1970; baseline -0.003 -18"><span class='ocrx_word' id='word_1_92' title='bbox 288 1888 412 1952; x_wconf 85' lang='lat' dir='ltr'><strong>Vilibus</strong></span> <span class='ocrx_word' id='word_1_93' title='bbox 427 1888 461 1951; x_wconf 92' lang='lat' dir='ltr'><strong>in</strong></span> <span class='ocrx_word' id='word_1_94' title='bbox 476 1886 589 1970; x_wconf 88' lang='lat' dir='ltr'><strong>scopis,</strong></span> <span class='ocrx_word' id='word_1_95' title='bbox 605 1888 640 1951; x_wconf 91' lang='lat' dir='ltr'><strong>in</strong></span> <span class='ocrx_word' id='word_1_96' title='bbox 654 1888 790 1970; x_wconf 86' lang='lat' dir='ltr'><strong>mappis,</strong></span> <span class='ocrx_word' id='word_1_97' title='bbox 807 1887 840 1950; x_wconf 91' lang='lat' dir='ltr'><strong>in</strong></span> <span class='ocrx_word' id='word_1_98' title='bbox 856 1887 952 1951; x_wconf 87' lang='lat' dir='ltr'><strong>scobe</strong></span> <span class='ocrx_word' id='word_1_99' title='bbox 965 1896 1108 1969; x_wconf 80' lang='lat' dir='ltr'><strong>quantus</strong></span> <span class='ocrx_word' id='word_1_100' title='bbox 1199 1871 1208 1893; x_wconf 83' lang='lat'><em>&#39;</em></span> 
     </span>
     <span class='ocr_line' id='line_1_17' title="bbox 288 1984 1127 2070; baseline -0.001 -19"><span class='ocrx_word' id='word_1_101' title='bbox 288 1987 442 2051; x_wconf 82' lang='lat' dir='ltr'><strong>Consistit</strong></span> <span class='ocrx_word' id='word_1_102' title='bbox 455 1984 632 2070; x_wconf 62' lang='lat' dir='ltr'><strong>sumptus?</strong></span> <span class='ocrx_word' id='word_1_103' title='bbox 650 1988 815 2070; x_wconf 84' lang='lat' dir='ltr'><strong>neglectis,</strong></span> <span class='ocrx_word' id='word_1_104' title='bbox 830 1985 992 2070; x_wconf 73' lang='lat' dir='ltr'><strong>flagitium</strong></span> <span class='ocrx_word' id='word_1_105' title='bbox 1004 1986 1127 2069; x_wconf 81' lang='lat' dir='ltr'><strong>ingena</strong></span> 
     </span>
    </p>

    <p class='ocr_par' dir='ltr' id='par_1_10' title="bbox 288 2083 1066 2168">
     <span class='ocr_line' id='line_1_18' title="bbox 288 2083 1066 2168; baseline 0.001 -20"><span class='ocrx_word' id='word_1_106' title='bbox 288 2083 371 2148; x_wconf 87' lang='lat' dir='ltr'><strong>&#39;Pen&#39;</strong></span> <span class='ocrx_word' id='word_1_107' title='bbox 387 2083 511 2168; x_wconf 80' lang='lat' dir='ltr'><strong>lapides</strong></span> <span class='ocrx_word' id='word_1_108' title='bbox 524 2084 631 2148; x_wconf 86' lang='lat' dir='ltr'><strong>varios</strong></span> <span class='ocrx_word' id='word_1_109' title='bbox 644 2083 809 2151; x_wconf 83' lang='lat' dir='ltr'><strong>lutulente</strong></span> <span class='ocrx_word' id='word_1_110' title='bbox 821 2083 932 2149; x_wconf 83' lang='lat' dir='ltr'><strong>radere</strong></span> <span class='ocrx_word' id='word_1_111' title='bbox 946 2084 1066 2167; x_wconf 87' lang='lat' dir='ltr'><strong>palma,</strong></span> 
     </span>
    </p>

    <p class='ocr_par' dir='ltr' id='par_1_11' title="bbox 287 2180 1393 2467">
     <span class='ocr_line' id='line_1_19' title="bbox 288 2180 1392 2271; baseline 0.002 -27"><span class='ocrx_word' id='word_1_112' title='bbox 288 2181 333 2244; x_wconf 85' lang='lat' dir='ltr'><strong>Et</strong></span> <span class='ocrx_word' id='word_1_113' title='bbox 347 2181 469 2264; x_wconf 64' lang='lat' dir='ltr'><strong>Tyrias</strong></span> <span class='ocrx_word' id='word_1_114' title='bbox 483 2180 560 2249; x_wconf 82' lang='lat' dir='ltr'><strong>dare</strong></span> <span class='ocrx_word' id='word_1_115' title='bbox 575 2184 698 2251; x_wconf 78' lang='lat' dir='ltr'><strong>cneum</strong></span> <span class='ocrx_word' id='word_1_116' title='bbox 713 2183 803 2248; x_wconf 81' lang='lat' dir='ltr'><strong>illota</strong></span> <span class='ocrx_word' id='word_1_117' title='bbox 816 2184 930 2247; x_wconf 73' lang='lat' dir='ltr'><strong>oralia</strong></span> <span class='ocrx_word' id='word_1_118' title='bbox 943 2193 1058 2264; x_wconf 77' lang='lat' dir='ltr'><strong>vestes,</strong></span> <span class='ocrx_word' id='word_1_119' title='bbox 1388 2260 1392 2271; x_wconf 37' lang='grc' dir='ltr'>Ι</span> 
     </span>
     <span class='ocr_line' id='line_1_20' title="bbox 288 2276 1393 2366; baseline 0.005 -24"><span class='ocrx_word' id='word_1_120' title='bbox 288 2279 444 2360; x_wconf 85' lang='lat' dir='ltr'><strong>oblitum,</strong></span> <span class='ocrx_word' id='word_1_121' title='bbox 459 2292 583 2363; x_wconf 88' lang='lat' dir='ltr'><strong>quanto</strong></span> <span class='ocrx_word' id='word_1_122' title='bbox 597 2302 713 2347; x_wconf 88' lang='lat' dir='ltr'><strong>curam</strong></span> <span class='ocrx_word' id='word_1_123' title='bbox 725 2292 959 2366; x_wconf 87' lang='lat' dir='ltr'><strong>sumptumque</strong></span> <span class='ocrx_word' id='word_1_124' title='bbox 973 2282 1132 2347; x_wconf 83' lang='lat' dir='ltr'><strong>minorem</strong></span> <span class='ocrx_word' id='word_1_125' title='bbox 1217 2282 1259 2347; x_wconf 80' lang='lat'><strong>85</strong></span> <span class='ocrx_word' id='word_1_126' title='bbox 1389 2276 1393 2287; x_wconf 84' lang='grc'><strong>“</strong></span> 
     </span>
     <span class='ocr_line' id='line_1_21' title="bbox 287 2378 1072 2467; baseline 0.005 -25"><span class='ocrx_word' id='word_1_127' title='bbox 287 2378 378 2442; x_wconf 90' lang='lat' dir='ltr'><strong>Haec</strong></span> <span class='ocrx_word' id='word_1_128' title='bbox 392 2380 542 2462; x_wconf 87' lang='lat' dir='ltr'><strong>habeant,</strong></span> <span class='ocrx_word' id='word_1_129' title='bbox 558 2393 648 2446; x_wconf 85' lang='lat' dir='ltr'><strong>tanto</strong></span> <span class='ocrx_word' id='word_1_130' title='bbox 664 2382 854 2465; x_wconf 86' lang='lat' dir='ltr'><strong>reprehendi</strong></span> <span class='ocrx_word' id='word_1_131' title='bbox 862 2382 985 2467; x_wconf 86' lang='lat' dir='ltr'><strong>justius</strong></span> <span class='ocrx_word' id='word_1_132' title='bbox 999 2382 1072 2462; x_wconf 67' lang='lat' dir='ltr'><strong>iilis</strong></span> 
     </span>
    </p>

    <p class='ocr_par' dir='ltr' id='par_1_12' title="bbox 287 2478 1206 2664">
     <span class='ocr_line' id='line_1_22' title="bbox 287 2478 1206 2564; baseline -0.003 -16"><span class='ocrx_word' id='word_1_133' title='bbox 287 2479 385 2548; x_wconf 74' lang='lat' dir='ltr'><strong>Quae</strong></span> <span class='ocrx_word' id='word_1_134' title='bbox 399 2478 463 2543; x_wconf 87' lang='lat' dir='ltr'><strong>nisi</strong></span> <span class='ocrx_word' id='word_1_135' title='bbox 477 2479 632 2545; x_wconf 87' lang='lat' dir='ltr'><strong>divitibus</strong></span> <span class='ocrx_word' id='word_1_136' title='bbox 645 2492 811 2564; x_wconf 83' lang='lat' dir='ltr'><strong>nequeant</strong></span> <span class='ocrx_word' id='word_1_137' title='bbox 824 2482 1008 2564; x_wconf 70' lang='lat' dir='ltr'><strong>confingere</strong></span> <span class='ocrx_word' id='word_1_138' title='bbox 1023 2480 1144 2546; x_wconf 89' lang='lat' dir='ltr'><strong>mensis</strong></span> <span class='ocrx_word' id='word_1_139' title='bbox 1152 2481 1206 2545; x_wconf 72' lang='lat' dir='ltr'><strong>‘t-</strong></span> 
     </span>
     <span class='ocr_line' id='line_1_23' title="bbox 287 2579 1075 2664; baseline 0.003 -22"><span class='ocrx_word' id='word_1_140' title='bbox 287 2579 389 2642; x_wconf 88' lang='lat' dir='ltr'><strong>Docte</strong></span> <span class='ocrx_word' id='word_1_141' title='bbox 404 2579 486 2661; x_wconf 71' lang='lat' dir='ltr'><strong>onti,</strong></span> <span class='ocrx_word' id='word_1_142' title='bbox 501 2600 558 2663; x_wconf 90' lang='lat' dir='ltr'><strong>per</strong></span> <span class='ocrx_word' id='word_1_143' title='bbox 571 2581 750 2647; x_wconf 85' lang='lat' dir='ltr'><strong>amicitiam</strong></span> <span class='ocrx_word' id='word_1_144' title='bbox 763 2581 921 2664; x_wconf 85' lang='lat' dir='ltr'><strong>divosque</strong></span> <span class='ocrx_word' id='word_1_145' title='bbox 935 2591 1075 2664; x_wconf 81' lang='lat' dir='ltr'><strong>rogatus,</strong></span> 
     </span>
    </p>

    <p class='ocr_par' dir='ltr' id='par_1_13' title="bbox 287 2676 1261 2964">
     <span class='ocr_line' id='line_1_24' title="bbox 287 2676 1191 2765; baseline 0.003 -25"><span class='ocrx_word' id='word_1_146' title='bbox 287 2676 414 2741; x_wconf 87' lang='lat' dir='ltr'><strong>Ducere</strong></span> <span class='ocrx_word' id='word_1_147' title='bbox 429 2698 482 2742; x_wconf 91' lang='lat' dir='ltr'><strong>me</strong></span> <span class='ocrx_word' id='word_1_148' title='bbox 495 2679 657 2761; x_wconf 77' lang='lat' dir='ltr'><strong>nuditum,</strong></span> <span class='ocrx_word' id='word_1_149' title='bbox 672 2700 787 2765; x_wconf 84' lang='lat' dir='ltr'><strong>perges</strong></span> <span class='ocrx_word' id='word_1_150' title='bbox 799 2700 1005 2764; x_wconf 86' lang='lat' dir='ltr'><strong>quocunqne,</strong></span> <span class='ocrx_word' id='word_1_151' title='bbox 1020 2689 1191 2744; x_wconf 88' lang='lat' dir='ltr'><strong>memento.</strong></span> 
     </span>
     <span class='ocr_line' id='line_1_25' title="bbox 287 2776 1261 2864; baseline 0.002 -24"><span class='ocrx_word' id='word_1_152' title='bbox 287 2776 383 2857; x_wconf 89' lang='lat' dir='ltr'><strong>Nam,</strong></span> <span class='ocrx_word' id='word_1_153' title='bbox 398 2778 551 2860; x_wconf 82' lang='lat' dir='ltr'><strong>quamvis</strong></span> <span class='ocrx_word' id='word_1_154' title='bbox 565 2780 699 2845; x_wconf 90' lang='lat' dir='ltr'><strong>memori</strong></span> <span class='ocrx_word' id='word_1_155' title='bbox 713 2779 831 2845; x_wconf 85' lang='lat' dir='ltr'><strong>referas</strong></span> <span class='ocrx_word' id='word_1_156' title='bbox 845 2781 927 2844; x_wconf 88' lang='lat' dir='ltr'><strong>mihi</strong></span> <span class='ocrx_word' id='word_1_157' title='bbox 940 2790 1065 2864; x_wconf 87' lang='lat' dir='ltr'><strong>pectore</strong></span> <span class='ocrx_word' id='word_1_158' title='bbox 1078 2790 1206 2859; x_wconf 88' lang='lat' dir='ltr'><strong>cuncta,</strong></span> <span class='ocrx_word' id='word_1_159' title='bbox 1220 2778 1261 2842; x_wconf 85' lang='grc'><strong>90</strong></span> 
     </span>
     <span class='ocr_line' id='line_1_26' title="bbox 287 2875 1142 2964; baseline 0.004 -24"><span class='ocrx_word' id='word_1_160' title='bbox 287 2875 362 2940; x_wconf 91' lang='lat' dir='ltr'><strong>Non</strong></span> <span class='ocrx_word' id='word_1_161' title='bbox 377 2886 487 2941; x_wconf 86' lang='lat' dir='ltr'><strong>tamen</strong></span> <span class='ocrx_word' id='word_1_162' title='bbox 501 2878 654 2962; x_wconf 87' lang='lat' dir='ltr'><strong>interpres</strong></span> <span class='ocrx_word' id='word_1_163' title='bbox 668 2878 1004 2964; x_wconf 82' lang='lat' dir='ltr'><strong>tantundemjuveris</strong></span> <span class='ocrx_word' id='word_1_164' title='bbox 1047 2879 1142 2945; x_wconf 80' lang='lat' dir='ltr'><strong>Adde</strong></span> 
     </span>
    </p>

    <p class='ocr_par' dir='ltr' id='par_1_14' title="bbox 287 2968 1295 3161">
     <span class='ocr_line' id='line_1_27' title="bbox 288 2968 1295 3061; baseline 0.003 -23"><span class='ocrx_word' id='word_1_165' title='bbox 288 2973 424 3038; x_wconf 86' lang='lat' dir='ltr'><strong>Vultum</strong></span> <span class='ocrx_word' id='word_1_166' title='bbox 439 2976 653 3060; x_wconf 86' lang='lat' dir='ltr'><strong>habitumque</strong></span> <span class='ocrx_word' id='word_1_167' title='bbox 667 2979 817 3060; x_wconf 86' lang='lat' dir='ltr'><strong>hominis,</strong></span> <span class='ocrx_word' id='word_1_168' title='bbox 832 2998 932 3061; x_wconf 89' lang='lat' dir='ltr'><strong>quem</strong></span> <span class='ocrx_word' id='word_1_169' title='bbox 946 2989 985 3043; x_wconf 94' lang='lat' dir='ltr'><strong>tu</strong></span> <span class='ocrx_word' id='word_1_170' title='bbox 997 2978 1118 3043; x_wconf 84' lang='lat' dir='ltr'><strong>vidisse</strong></span> <span class='ocrx_word' id='word_1_171' title='bbox 1132 2978 1249 3042; x_wconf 85' lang='lat' dir='ltr'><strong>beatus</strong></span> <span class='ocrx_word' id='word_1_172' title='bbox 1283 2968 1295 2997; x_wconf 84' lang='lat'><em>⁰</em></span> 
     </span>
     <span class='ocr_line' id='line_1_28' title="bbox 287 3072 1136 3161; baseline 0.004 -23"><span class='ocrx_word' id='word_1_173' title='bbox 287 3072 363 3138; x_wconf 91' lang='lat' dir='ltr'><strong>Non</strong></span> <span class='ocrx_word' id='word_1_174' title='bbox 377 3076 489 3157; x_wconf 84' lang='lat' dir='ltr'><strong>magni</strong></span> <span class='ocrx_word' id='word_1_175' title='bbox 504 3076 627 3157; x_wconf 86' lang='lat' dir='ltr'><strong>pendis,</strong></span> <span class='ocrx_word' id='word_1_176' title='bbox 643 3078 723 3159; x_wconf 87' lang='lat' dir='ltr'><strong>qnia</strong></span> <span class='ocrx_word' id='word_1_177' title='bbox 735 3077 888 3161; x_wconf 80' lang='lat' dir='ltr'><strong>contigit3</strong></span> <span class='ocrx_word' id='word_1_178' title='bbox 911 3089 946 3145; x_wconf 90' lang='lat' dir='ltr'><strong>nt</strong></span> <span class='ocrx_word' id='word_1_179' title='bbox 960 3078 1042 3142; x_wconf 91' lang='lat' dir='ltr'><strong>mihi</strong></span> <span class='ocrx_word' id='word_1_180' title='bbox 1055 3097 1136 3141; x_wconf 89' lang='lat' dir='ltr'><strong>cura</strong></span> 
     </span>
    </p>

    <p class='ocr_par' dir='ltr' id='par_1_15' title="bbox 287 3172 1078 3257">
     <span class='ocr_line' id='line_1_29' title="bbox 287 3172 1078 3257; baseline 0.003 -19"><span class='ocrx_word' id='word_1_181' title='bbox 287 3172 363 3238; x_wconf 92' lang='lat' dir='ltr'><strong>Non</strong></span> <span class='ocrx_word' id='word_1_182' title='bbox 377 3174 545 3239; x_wconf 90' lang='lat' dir='ltr'><strong>mediocris</strong></span> <span class='ocrx_word' id='word_1_183' title='bbox 559 3175 652 3257; x_wconf 81' lang='lat' dir='ltr'><strong>inest,</strong></span> <span class='ocrx_word' id='word_1_184' title='bbox 667 3175 772 3240; x_wconf 81' lang='lat' dir='ltr'><strong>fontes</strong></span> <span class='ocrx_word' id='word_1_185' title='bbox 786 3187 824 3242; x_wconf 91' lang='lat' dir='ltr'><strong>ut</strong></span> <span class='ocrx_word' id='word_1_186' title='bbox 837 3177 926 3241; x_wconf 87' lang='lat' dir='ltr'><strong>adire</strong></span> <span class='ocrx_word' id='word_1_187' title='bbox 940 3187 1078 3241; x_wconf 86' lang='lat' dir='ltr'><strong>remotos</strong></span> 
     </span>
    </p>

    <p class='ocr_par' dir='ltr' id='par_1_16' title="bbox 287 3271 1263 3360">
     <span class='ocr_line' id='line_1_30' title="bbox 287 3271 1263 3360; baseline 0.003 -25"><span class='ocrx_word' id='word_1_188' title='bbox 287 3271 394 3355; x_wconf 82' lang='lat' dir='ltr'><strong>Atque</strong></span> <span class='ocrx_word' id='word_1_189' title='bbox 408 3273 536 3339; x_wconf 89' lang='lat' dir='ltr'><strong>haurire</strong></span> <span class='ocrx_word' id='word_1_190' title='bbox 550 3294 671 3357; x_wconf 89' lang='lat' dir='ltr'><strong>queam</strong></span> <span class='ocrx_word' id='word_1_191' title='bbox 685 3275 772 3340; x_wconf 86' lang='lat' dir='ltr'><strong>vitae</strong></span> <span class='ocrx_word' id='word_1_192' title='bbox 785 3288 955 3360; x_wconf 83' lang='lat' dir='ltr'><strong>praecepta</strong></span> <span class='ocrx_word' id='word_1_193' title='bbox 969 3278 1092 3342; x_wconf 81' lang='lat' dir='ltr'><strong>beatae</strong></span> <span class='ocrx_word' id='word_1_194' title='bbox 1221 3275 1263 3339; x_wconf 79' lang='lat'><strong>95</strong></span> 
     </span>
    </p>
   </div>
   <div class='ocr_carea' id='block_1_3' title="bbox 363 3484 1150 3634">
    <p class='ocr_par' dir='ltr' id='par_1_17' title="bbox 363 3484 1150 3634">
     <span class='ocr_line' id='line_1_31' title="bbox 363 3484 1150 3545; baseline 0.005 -8"><span class='ocrx_word' id='word_1_195' title='bbox 363 3486 403 3537; x_wconf 83' lang='grc'><strong>78.</strong></span> <span class='ocrx_word' id='word_1_196' title='bbox 421 3484 501 3540; x_wconf 79' lang='lat' dir='ltr'><strong>halec.</strong></span> <span class='ocrx_word' id='word_1_197' title='bbox 567 3490 607 3542; x_wconf 87' lang='grc'><strong>78.</strong></span> <span class='ocrx_word' id='word_1_198' title='bbox 623 3498 731 3541; x_wconf 80' lang='lat' dir='ltr'><strong>morem</strong></span> <span class='ocrx_word' id='word_1_199' title='bbox 797 3490 838 3541; x_wconf 82' lang='grc'><strong>79.</strong></span> <span class='ocrx_word' id='word_1_200' title='bbox 854 3488 940 3545; x_wconf 72' lang='lat' dir='ltr'><strong>sm</strong></span> <span class='ocrx_word' id='word_1_201' title='bbox 1006 3490 1047 3542; x_wconf 81' lang='grc'><strong>84.</strong></span> <span class='ocrx_word' id='word_1_202' title='bbox 1063 3488 1150 3541; x_wconf 67' lang='lat' dir='ltr'><strong>inluta</strong></span> 
     </span>
     <span class='ocr_line' id='line_1_32' title="bbox 498 3568 1020 3634; baseline -0.002 -14"><span class='ocrx_word' id='word_1_203' title='bbox 498 3569 539 3620; x_wconf 87' lang='grc'><strong>87.</strong></span> <span class='ocrx_word' id='word_1_204' title='bbox 556 3579 686 3634; x_wconf 79' lang='lat' dir='ltr'><strong>nequeunt.</strong></span> <span class='ocrx_word' id='word_1_205' title='bbox 753 3569 793 3621; x_wconf 81' lang='grc'><strong>80.</strong></span> <span class='ocrx_word' id='word_1_206' title='bbox 809 3568 1020 3623; x_wconf 69' lang='lat' dir='ltr'><strong>reiensmemori.</strong></span> 
     </span>
    </p>
   </div>
   <div class='ocr_carea' id='block_1_4' title="bbox 0 0 1432 4342">
    <p class='ocr_par' dir='ltr' id='par_1_18' title="bbox 0 0 1432 4342">
     <span class='ocr_line' id='line_1_33' title="bbox 0 0 1432 4342; baseline 0 0"><span class='ocrx_word' id='word_1_207' title='bbox 0 0 1432 4342; x_wconf 95' lang='lat' dir='ltr'><strong> </strong></span> 
     </span>
    </p>
   </div>
  </div>
 </body>
</html>
