2842 4342
515 360 688 411 mnan.
738 361 828 412 av.
1101 345 1173 418 229

153 521 248 595 Quid
264 532 374 585 temen
389 519 452 582 ieta
465 518 545 581 velit
558 518 620 582 eibi
633 516 756 597 sabula,
770 517 799 580 ei
813 517 895 597 licet,
911 516 1023 581 ede.-

152 624 326 705 Tempore,
341 638 408 702 quo
417 618 548 703 juvenis
562 617 691 681 Parthis
706 616 896 698 horrendus,
911 618 954 682 ab
968 618 1035 682 elto

156 723 346 786 Demieeum
361 737 465 800 genua
480 718 599 796 Aenea,
615 715 729 780 tellure
743 716 889 797 merique

156 822 299 904 Magnus
313 819 381 897 erit,
396 816 470 881 forti
483 817 583 880 nubet
597 834 727 899 procera
742 816 870 880 Corano

158 921 244 985 Filio
259 918 407 997 Nasicae,
422 916 596 983 metuentia
610 913 742 978 reddere
757 914 895 977 eolduru
1132 916 1174 980 65

160 1020 251 1082 Tum
266 1037 364 1101 gener
377 1016 440 1080 boc
454 1014 568 1079 saciet:
590 1014 719 1079 tubulas
734 1032 842 1077 socero
856 1013 955 1093 dabit,
971 1025 1076 1097 atque,

159 1120 204 1183 Ut
218 1118 315 1200 legat,
329 1116 449 1197 orebit3
471 1114 613 1179 multum
627 1114 749 1178 Nasica
763 1124 898 1196 negatae

157 1218 304 1300 Accipiet
318 1214 452 1278 tandem
464 1226 497 1278 et
510 1214 629 1277 tacitus
643 1214 728 1297 leget
741 1213 946 1296 invenietque

159 1315 217 1380 Nil
232 1316 292 1380 eibi
308 1315 460 1398 legatum,
474 1324 598 1396 praeter
611 1312 743 1396 plorare,
758 1313 900 1396 euinque.

157 1414 302 1481 llludad
317 1415 397 1478 beec
407 1415 523 1499 jubeo:
545 1412 796 1478 muliersit’orte
811 1413 922 1477 dolosa
1132 1414 1176 1478 70

159 1516 351 1579 Libertueve
365 1532 476 1577 senem
490 1512 629 1577 delirum
642 1523 803 1596 temperet,
819 1513 882 1576 illis

160 1613 308 1678 Accedes
322 1613 447 1694 socius3
471 1611 593 1693 laudes,
608 1612 749 1676 lauderis
764 1623 802 1676 ut
815 1614 942 1676 absens.

160 1713 302 1799 Adjuvat
317 1713 378 1776 hoc
392 1731 530 1795 quoque,
545 1711 603 1775 sed
618 1712 719 1776 vincit
733 1712 828 1795 longe
842 1713 930 1794 prius
945 1712 1053 1793 ipsum

162 1812 364 1896 Expugnare
377 1822 484 1894 caput
527 1810 754 1877 scribet-mela
768 1811 914 1874 cermiua
926 1829 1056 1892 vecom3

160 1910 320 1975 laudato
363 1910 524 1974 Scortator
537 1911 614 1974 erit:
635 1928 717 1974 cave
732 1920 763 1973 te
778 1920 884 1992 roget:
907 1909 991 1972 ultro
1135 1908 1178 1972 te

161 2010 357 2093 Penelopam
372 2008 476 2073 tacitis
490 2010 602 2093 potiori
617 2009 928 2073 trade-Puteanel

161 2109 298 2174 Perduci
312 2109 425 2191 poterit
439 2119 507 2173 tam
521 2108 606 2193 frugi
621 2120 754 2192 tamque
768 2108 896 2193 pudica,

160 2211 275 2279 Quam
289 2208 439 2290 nequiere
453 2208 539 2290 proci
553 2218 639 2272 recto
653 2208 810 2292 depellere
824 2208 989 2272 cursui-

161 2307 258 2372 Venit
271 2307 368 2388 enim,
383 2326 543 2390 magnum
556 2307 700 2371 donandi
714 2328 820 2391 parce,
831 2311 995 2393 juventus,

161 2406 230 2470 Nec
245 2416 376 2469 tentum
390 2405 530 2485 Veneris,
546 2415 707 2488 quantum
723 2406 867 2471 studiosa
881 2408 1019 2472 culinae.
1136 2407 1179 2471 80

160 2506 216 2571 Sic
231 2506 289 2570 ubi
304 2506 464 2591 Penelope
478 2506 563 2590 frugi
578 2515 635 2587 eet,
650 2525 743 2588 quae,
759 2508 787 2570 ei
802 2508 902 2571 semel
917 2527 983 2571 uno

161 2604 212 2668 De
227 2622 305 2668 eene
320 2606 464 2688 gustarit,
480 2616 589 2669 tecum
602 2605 719 2688 partita
734 2605 897 2686 lucellum,

161 2703 206 2767 Ut
219 2703 312 2766 cauis
326 2724 348 2767 a
360 2704 446 2767 corio
459 2722 632 2786 nunquam
645 2705 871 2768 absterrebitur
885 2714 992 2768 uncto.

161 2802 217 2866 bie
232 2821 318 2881 eene,
333 2802 421 2885 quod
436 2802 553 2883 dicam,
569 2804 774 2868 factumest:
796 2821 882 2865 anus
896 2802 1041 2884 improbe
1055 2802 1181 2867 Tbebte

161 2900 217 2964 Ex
232 2911 426 2965 testamento
440 2902 487 2966 sic
501 2912 550 2965 eet
564 2901 667 2966 elata:
689 2901 831 2966 cadaver
1138 2902 1180 2966 85

163 3000 310 3064 Unctum
324 3000 394 3064 oleo
408 3000 497 3085 largo
511 3000 611 3065 nudis
624 3002 769 3065 humeris
784 2999 858 3065 tulit
872 3000 982 3082 hcree;

161 3099 293 3165 Scilicet
306 3100 392 3164 elabi
405 3101 433 3164 ei
447 3110 555 3184 poeeet
569 3110 714 3184 mortue3
737 3100 839 3181 credo,

160 3197 263 3268 Quod
277 3197 417 3263 nimium
430 3200 588 3264 institeret
601 3199 734 3263 viventi.
779 3199 905 3263 Cautus
920 3198 1015 3280 edito,

162 3297 236 3361 Neu
251 3297 338 3361 desis
351 3318 475 3381 operae,
490 3319 573 3363 neve
587 3298 818 3363 immoderatus
832 3297 988 3363 abundea

164 3395 338 3461 Difficilem
352 3407 386 3461 et
399 3416 563 3461 morosum
577 3397 718 3461 offendet
732 3396 881 3482 garrulus
893 3419 901 3479 ;
925 3397 1008 3462 ultro
1138 3399 1181 3464 90

164 3494 235 3560 Non
251 3495 353 3559 etiam
367 3496 471 3561 sileae.
517 3497 634 3562 Davus
649 3498 693 3561 ais
707 3498 861 3577 comicus,
877 3507 975 3580 atque

275 3740 317 3792 tt
333 3740 425 3791 acribit.
492 3741 533 3793 te.
550 3740 778 3805 Penelopenf-em.
842 3742 884 3794 8³.
901 3744 1064 3797 exterrebitur.

409 3821 450 3874 90.
467 3822 584 3884 offendit3
599 3821 716 3884 offendes,
726 3823 757 3874 de
767 3825 849 3890 copi-3
864 3823 934 3875 ultra.
