2842 4342
521 320 695 373 umnam
745 324 850 377 avr.
1112 308 1182 379 sal

163 480 235 546 Neo
249 497 325 543 sum
338 477 484 542 sactums
498 477 576 563 titio
589 478 729 563 culpave
743 480 917 563 minorem,

162 581 200 646 st
214 598 350 643 veneror
363 578 483 642 stultus
497 578 581 642 nihil
594 579 730 643 horum:
753 580 783 644 Ο
799 580 826 643 si
841 580 983 664 angulus
997 581 1052 645 ille

163 680 339 744 Proximus
353 677 496 758 accedat,
511 679 569 760 qui
581 697 672 743 nunc
685 678 854 743 denormat
868 680 1031 762 agellum!

163 779 194 843 Ο
209 779 239 841 si
253 797 372 841 urnam
384 777 510 860 argenti
523 776 588 841 fors
601 796 688 859 quae
702 778 785 842 mihi
799 789 966 860 monstret,
978 789 1015 845 ut
1029 779 1083 862 illi,
1144 781 1185 843 10

163 877 339 942 Thesauro
352 876 485 939 invento
499 877 557 959 qui
570 877 788 941 mercenarius
802 896 919 961 agrum

123 1031 132 1045 .
163 976 264 1041 [llum
278 976 388 1059 ipsum
401 985 563 1040 mematus
577 976 690 1057 aravit,
705 970 798 1040 dives
812 976 918 1040 amico

164 1075 322 1140 Hercule!
345 1076 381 1157 si,
396 1074 485 1158 quod
498 1074 599 1156 adest,
612 1086 742 1159 grattun
751 1078 861 1160 juvat:
884 1077 947 1140 hac
960 1096 1054 1160 prece
1069 1088 1100 1141 te
1115 1097 1183 1142 oro:

164 1174 293 1257 Pingue
306 1194 407 1257 pecus
421 1174 553 1238 domino
566 1174 678 1257 facias,
693 1185 727 1239 et
739 1186 853 1257 cetera,
868 1187 993 1259 praeter

163 1273 348 1356 Ingenium,
363 1284 464 1357 utque
478 1274 570 1356 soles,
585 1286 695 1338 custos
709 1276 792 1339 mihi
805 1277 972 1340 maximus
986 1275 1083 1340 adsis.
1143 1278 1183 1341 lb

165 1372 262 1455 Ergo,
278 1373 335 1436 ubi
349 1392 401 1436 me
416 1374 451 1437 in
465 1384 591 1437 montes
604 1384 638 1437 et
651 1375 686 1437 in
700 1394 809 1440 arcem
821 1395 865 1439 ex
879 1376 966 1440 Urbe
980 1376 1111 1457 removi,

165 1471 260 1542 Quid
274 1472 363 1555 prius
377 1472 535 1536 illustrem
549 1474 663 1539 Satiris
677 1474 841 1557 Musaque
854 1474 1016 1557 pedestri?

165 1570 235 1635 Neo
249 1572 339 1637 mala
353 1591 406 1635 me
419 1573 552 1636 ambitio
566 1572 670 1656 perdit
684 1593 744 1637 nec
758 1574 931 1657 plumbeus
946 1575 1065 1638 Auster

165 1671 438 1754 Aucmmnusque
452 1673 569 1755 εωνίε,
585 1672 746 1737 Libitinae
760 1662 917 1756 qffaestus
931 1673 1074 1737 acerbae.

166 1771 330 1838 Matutine
343 1782 441 1855 pater,
457 1791 517 1835 seu
529 1771 612 1837 Jane
628 1771 781 1837 libentius
795 1772 899 1853 audis,
1141 1774 1185 1837 20

166 1871 263 1936 Unde
277 1871 425 1934 homines
438 1889 572 1954 operum
585 1872 705 1955 primos
719 1871 870 1953 vitaeque
885 1870 1010 1935 labores

165 1971 443 2051 Instituunt—sic
457 1969 509 2032 da
522 1970 760 2053 placitum—tu
774 1970 926 2034 carminis
940 1980 1008 2034 esto

165 2070 375 2152 Principium
417 2069 542 2133 Romae
556 2088 742 2153 sponsorem
756 2088 809 2133 me
824 2069 928 2152 rapis:
951 2069 1024 2150 Eis,

165 2168 215 2234 Ne
229 2168 315 2252 prior
327 2166 433 2231 officio
446 2168 622 2252 quisquam
636 2167 835 2253 respondeat,
851 2167 948 2251 urgel

164 2268 243 2333 Sive
257 2267 377 2349 Aquilo
390 2267 474 2332 radit
488 2278 596 2349 terras,
612 2287 671 2333 seu
684 2269 802 2333 bruma
816 2267 960 2333 nivalem
1141 2266 1184 2332 2⁶

164 2368 319 2432 Interiora
332 2366 420 2431 diem
434 2386 514 2451 gyro
528 2368 644 2450 trabit;
667 2368 714 2431 ire
727 2387 859 2432 necesse
873 2379 931 2431 est

166 2466 348 2548 Postmodo,
363 2467 452 2550 quod
465 2477 513 2531 ml
525 2468 617 2549 obsit,
633 2467 718 2531 clare
732 2478 921 2551 certumque
935 2466 1048 2547 locuta

164 2566 377 2633 Luctandum
390 2568 425 2631 in
439 2567 534 2632 turba
547 2578 580 2632 et
593 2566 743 2632 iacienda
757 2567 873 2652 injuria
887 2565 996 2631 tardis

146 2654 149 2660 ’
165 2667 260 2738 Quid
274 2668 334 2747 vis,
349 2667 472 2748 insane,
487 2678 520 2731 et
533 2687 617 2750 quas
630 2687 681 2731 res
695 2668 790 2751 agis?
812 2666 976 2751 improbus
990 2673 1084 2749 urget

165 2766 261 2830 luatis
274 2766 441 2849 precibus,
464 2766 625 2849 tupuises
638 2785 743 2847 omne,
758 2764 847 2848 quod
860 2766 975 2845 obstat,
1142 2760 1186 2826 30

165 2863 219 2929 ad
233 2864 458 2929 Maecenatem
471 2866 605 2930 memori
619 2865 648 2931 si
661 2875 771 2931 mente
783 2881 981 2930 recurras.-

169 2963 238 3028 Hcc
246 2965 345 3049 juvat
357 2974 390 3027 at
403 2963 492 3028 melli
506 2975 573 3048 est;
595 2984 662 3029 aon
676 2965 831 3047 mentiar;
854 2973 889 3027 at
903 2962 1001 3027 simul
1015 2972 1102 3028 atras

170 3061 310 3127 Ventum
323 3072 373 3127 est
387 3063 562 3147 Esquilias,
577 3064 685 3129 aliena
697 3065 828 3148 negotia
842 3073 975 3128 centum

170 3162 228 3225 Per
240 3172 342 3246 cqrut
354 3172 387 3226 et
401 3163 487 3226 circa
501 3164 622 3228 saliunt
636 3164 732 3228 latus.
775 3166 861 3229 Ante
875 3162 1054 3233 secundam

169 3259 307 3326 Roscius
321 3263 434 3327 orabat
447 3263 509 3327 sibi
523 3262 654 3327 adesses
669 3262 713 3327 ad
728 3264 844 3328 Puteal
857 3284 983 3327 cras—
1142 3262 1184 3329 35

168 3360 217 3423 De
231 3381 266 3424 re
280 3363 447 3426 communi
461 3363 584 3428 scribae
598 3382 720 3446 magna
734 3374 831 3446 atque
844 3382 932 3428 nova
946 3372 977 3427 te

119 3455 123 3461 ’
167 3460 315 3525 Orabant
328 3460 424 3525 hodie
438 3462 650 3542 meminisses,
665 3463 801 3542 Quinte,
814 3463 981 3526 reverti.-

167 3560 334 3646 Impn'mat
344 3563 405 3647 bis,
416 3584 504 3646 cura,
517 3563 691 3628 Maecenas
705 3563 800 3647 signa
815 3563 994 3627 tabellis-

624 3793 664 3845 1⁰.
681 3808 735 3857 qua
