2842 4342
267 289 315 361 82

673 298 874 352 omn!

417 461 526 524 Paene
538 466 732 540 oooupatnm
745 454 952 519 seditionibus

277 574 280 580 ·
416 557 546 623 Delevit
559 556 681 621 Urbem
694 555 808 619 Daons
821 563 856 617 et
868 538 1043 637 Aethiops3

459 657 523 722 Hic
537 656 642 720 classe
656 653 854 733 formidatus,
869 652 924 716 ille
1249 654 1290 720 15

503 754 683 820 Missilibus
697 752 811 817 melior
824 751 959 835 sagittis

419 951 577 1019 Fecunda
590 950 706 1034 eulpae
720 949 852 1014 sseoula
865 949 997 1032 nuptias

420 1052 568 1117 Primum
581 1050 793 1133 inquinavere
808 1058 841 1112 et
854 1067 958 1131 genus
971 1056 1006 1113 ot
1018 1047 1152 1131 domos3

462 1152 535 1216 Hoo
548 1149 636 1215 fonte
650 1147 796 1213 derivate
809 1146 920 1212 clades

503 1247 697 1332 lupatriam
710 1247 933 1332 populumque
947 1245 1054 1311 fluxit.
1247 1245 1292 1309 20

424 1447 534 1512 Motus
548 1445 654 1510 dooeri
668 1445 790 1528 gaudet
803 1444 931 1509 Ionicos

424 1545 556 1610 Matura
569 1544 670 1628 virgo,
685 1553 719 1608 et
732 1543 866 1627 lingitur
879 1542 1021 1625 artibus3

465 1645 542 1710 Jam
555 1663 644 1708 nuno
658 1654 691 1707 et
704 1643 843 1708 incestos
858 1660 984 1706 amores

508 1744 560 1807 De
574 1752 682 1808 tenero
696 1742 870 1807 meditatur
884 1743 1008 1826 ungui:
1082 1798 1087 1805 .

425 1941 505 2006 Mox
515 1940 658 2026 juniores
671 1941 798 2023 quaerit
811 1939 973 2004 adulteros
1251 1938 1294 2003 25

425 2041 512 2106 Inter
525 2039 633 2104 mariti
646 2039 734 2120 vina,
749 2058 856 2123 neque
870 2039 968 2123 eligit,

466 2139 531 2205 Oui
544 2139 641 2203 donet
656 2138 861 2221 impermista
873 2140 991 2223 raptim

507 2236 646 2317 Gaudia,
661 2236 840 2303 luminibus
854 2238 1002 2304 remotis:

424 2448 491 2515 Sed
499 2450 594 2534 jussa
606 2468 724 2531 eoram,
739 2469 805 2516 non
820 2452 890 2516 sine
903 2452 1034 2516 conscio

426 2549 537 2632 Surgit
550 2548 673 2645 marito,
689 2568 748 2613 seu
762 2559 859 2614 vocat
872 2550 997 2615 institor
1252 2548 1297 2612 30

466 2647 533 2713 Seu
547 2647 642 2712 navis
657 2648 824 2731 Hispanae
837 2649 998 2733 magister,
1126 2648 1130 2653 ’

507 2745 713 2813 Dedecomm
726 2747 884 2831 pretiosus
898 2755 1030 2831 emptor.

425 2960 500 3026 Non
514 2961 566 3025 his
575 2963 733 3045 juventus
746 2972 815 3025 orta
828 2961 1016 3044 parentibus

424 3057 541 3124 Infecit
554 3078 674 3141 aequor
688 3058 849 3141 sanguine
862 3058 996 3138 Punico,

466 3158 692 3242 Pynhumque
706 3167 739 3220 et
752 3157 916 3239 ingentem
930 3156 1047 3221 cecidit
1253 3153 1297 3218 36

509 3254 708 3322 Antiochum
722 3254 1006 3337 Hannibalemque
1020 3254 1147 3321 dirum:

355 3473 362 3487 ·
427 3465 493 3531 Sed
506 3468 698 3535 rusticomm
712 3467 861 3533 mascula
873 3467 1016 3534 militum

428 3563 545 3646 Proles,
560 3567 699 3634 Sabellis
713 3568 808 3634 noes
822 3568 984 3653 monibus

357 3759 669 3827 memma-unm.
768 3765 810 3817 tt.
827 3768 972 3819 nemu.
1070 3762 1111 3815 st.
1128 3761 1222 3815 tum.
