2842 4342
694 329 894 381 omnum

414 467 525 553 lactei
536 497 569 550 et
582 504 687 569 genua
701 471 737 548 e(
747 504 866 549 nomeu
880 466 1014 548 inulile:

414 586 469 650 Nil
484 585 577 669 pictis
591 583 725 648 timidus
738 584 851 647 navita
864 584 1027 666 puppibru

456 668 563 748 Fiut':
585 683 651 764 Tu,
667 683 730 746 nisi
744 672 850 746 veritis
1268 686 1314 752 16

417 832 422 843 .
499 774 805 865 Debes'ludibriuml
820 788 910 844 cave.¹

415 979 525 1062 Nuper
539 979 713 1043 sollicitum
727 968 812 1059 quiae
826 978 907 1042 mihi
922 976 1075 1059 taedium,

416 1078 513 1143 Nunc
528 1078 732 1158 desiderium,
747 1097 889 1160 curaque
904 1098 971 1144 non
986 1078 1078 1161 levis,

456 1176 616 1241 Interfusa
630 1177 769 1240 nitentes

498 1275 587 1340 Vites
601 1295 743 1359 aequora
757 1274 929 1358 Cycladas„

661 1894 841 1957 ΟΔΒΜΕΝ
861 1894 931 1955 XV.

412 2105 527 2150 NEREI
552 2106 774 2151 vn‘rrcrnwu
797 2107 844 2150 DE
869 2106 1021 2151 Exclmo
1042 2104 1187 2151 uncus.

373 2292 576 2362 Pastcr'cum
591 2285 796 2380 traheret‘per
810 2296 890 2361 freta
904 2280 1044 2362 navibus

373 2396 480 2460 Idaeis
493 2394 641 2460 Helenen
653 2396 796 2479 perfidus
814 2386 984 2480 hospitam,

373 2496 503 2578 Ingrato
516 2493 633 2558 celeres
647 2496 754 2559 obruit
767 2496 832 2559 otio

415 2593 543 2674 ventos,
559 2603 597 2656 ut
609 2604 738 2657 caneret
751 2592 818 2657 fera

374 2790 498 2856 Nereus
512 2790 598 2855 fata:
620 2791 711 2856 Mala
726 2791 818 2855 ducis
832 2791 887 2855 avi
900 2790 1043 2870 domum,
1276 2789 1297 2854 n

374 2890 489 2961 Quam
502 2890 605 2955 multo
619 2901 737 2974 repetet
751 2889 886 2954 Graecia
898 2889 1009 2970 milite,

375 2988 550 3073 Oonjurata
564 2999 638 3053 tuas
652 3009 798 3071 rumpere
813 2989 945 3071 nuptias

417 3088 462 3150 Et
475 3106 612 3171 regnum
625 3086 745 3149 Priami
759 3096 862 3149 vetus.

375 3284 458 3364 Heu,
475 3285 562 3349 hen!
585 3293 728 3367 quantus
742 3280 844 3364 equis,
860 3289 1003 3363 quantus
1020 3278 1113 3344 adest
1126 3279 1204 3347 uris

374 3384 501 3448 Sudor!
525 3393 649 3465 quanta
663 3401 774 3446 moves
787 3379 902 3444 lunera
916 3379 1089 3444 Dardanae
1257 3382 1295 3446 10

375 3481 491 3545 Genti!
535 3482 611 3546 Jam
625 3483 753 3564 galeam
767 3479 878 3545 Pallas
892 3491 925 3544 et
938 3480 1055 3565 aegida

417 3580 603 3661 currusque
617 3591 649 3643 et
663 3582 785 3645 rabiem
798 3592 899 3664 parat„

360 3781 399 3831 1⁵.
416 3778 603 3829 'lirnicirentic
613 3777 695 3828 Debes
705 3778 831 3829 ludibrium
842 3794 910 3829 cave.
1028 3777 1145 3828 C.xv.9.
1162 3774 1235 3827 Eheu
