2842 4342
487 378 539 430 nn
562 376 847 429 mnemon
1089 355 1162 436 80’1

146 536 278 621 Oppida
292 536 406 617 moliri,
422 536 510 618 leges
524 534 663 599 incidere
677 535 785 618 ligno:

147 638 202 702 Sic
217 638 321 702 honor
333 648 366 700 et
380 654 499 700 nomen
513 634 632 699 divinis
646 635 777 698 vatibus
791 644 890 716 etque
1098 633 1164 698 400

148 736 358 800 Carminibus
372 734 468 797 venit.
512 733 590 796 Post
604 733 663 795 hos
677 733 813 815 insignis
827 732 990 796 Homerus

148 836 380 919 Tyrtaeusque
394 852 500 897 mares
514 832 641 895 animos
655 832 690 895 in
705 832 823 896 Martia
837 830 923 894 bella

151 934 304 997 Versibus
317 932 468 995 exacuit:
490 929 596 993 diotee
611 949 666 1013 per
678 931 826 995 earmina
840 940 948 1009 sortes,

151 1032 196 1095 Et
210 1031 298 1094 vitae
312 1038 489 1093 monstrata
503 1029 559 1092 vie
572 1038 628 1108 est,
643 1037 675 1092 et
689 1029 793 1110 gratis
806 1047 919 1111 regum

152 1130 263 1193 Pieriis
278 1138 400 1191 tentato
413 1126 527 1207 modis,
543 1126 704 1208 ludusque
718 1136 868 1209 repertus,
1103 1126 1165 1191 tob

150 1228 194 1291 Et
209 1228 380 1310 longorum
394 1246 529 1309 operum
543 1225 637 1290 finis:
659 1244 702 1288 ne
716 1224 796 1289 forte
810 1224 923 1309 pudori

149 1328 200 1392 Sit
214 1326 272 1390 tibi
287 1327 384 1391 Musa
398 1326 489 1409 lyrae
504 1326 613 1389 sollers
627 1335 659 1388 et
672 1335 785 1388 cantor
797 1324 920 1408 Apollo.

151 1425 277 1493 Natura
303 1423 394 1488 fieret
413 1422 576 1488 laudabile
590 1442 729 1504 carmen,
744 1443 788 1487 an
802 1435 878 1504 arte,

148 1525 349 1595 Quaesitum
362 1534 420 1586 est.
463 1523 537 1604 Ego
550 1541 611 1585 neo
625 1522 771 1586 studium
786 1523 856 1586 sine
869 1521 969 1586 divite
982 1540 1075 1602 vena,

151 1622 223 1687 Neo
238 1622 318 1686 rude
332 1619 411 1704 quid
425 1622 525 1704 possit
538 1620 633 1685 video
647 1622 833 1704 ingenium:
856 1621 988 1686 alterius
1002 1622 1049 1685 sie
1101 1620 1166 1686 llo

149 1723 261 1787 Altero
274 1723 376 1804 poscit
388 1741 483 1804 opem
496 1740 555 1800 res,
569 1730 602 1783 et
615 1723 761 1804 conjurat
775 1720 888 1783 amioe.

148 1822 222 1893 Qui
237 1821 345 1884 studet
357 1831 500 1903 optatam
513 1839 612 1884 eursu
626 1819 811 1901 contingere
824 1828 955 1897 metam,

149 1921 260 1986 Multa
275 1919 349 1983 tulit
362 1919 501 2001 fecitque
514 1938 611 2002 puer3
634 1917 766 1981 sudavit
780 1927 812 1980 et
826 1917 910 1996 alsit,

150 2019 318 2084 Abstinuit
330 2037 447 2082 venere
461 2029 494 2081 et
506 2018 592 2081 vino.
636 2017 706 2088 Qui
722 2016 842 2100 Pythia
855 2026 967 2080 santet

150 2119 300 2197 'l'ibioen
315 2116 427 2181 didicit
440 2118 538 2199 prius,
553 2117 767 2199 extimuitque
782 2117 982 2199 magistrum
1102 2116 1166 2182 415

152 2214 532 2282 Neosatisestdixisse:
554 2215 1015 2299 Egomirapoematspengo,

151 2315 300 2397 Occupet
313 2325 495 2378 extremum
509 2314 651 2396 scabies3
674 2314 756 2378 mihi
769 2325 862 2397 turpe
875 2314 1013 2397 relinqui
1026 2325 1084 2395 est,

151 2414 206 2493 Et,
220 2412 309 2496 quod
324 2431 389 2477 non
403 2411 510 2492 didici,
525 2431 604 2475 sone
618 2413 739 2476 nescire
753 2413 854 2478 fateri.

152 2512 196 2577 Ut
210 2530 334 2595 praeeo,
348 2510 392 2574 ad
405 2530 528 2574 meroes
543 2512 671 2575 turbam
685 2511 743 2593 qui
756 2511 841 2593 eogit
854 2511 1018 2591 emendus,

151 2610 842 2693 Assentetoresjubetadluorumirepoetu
1101 2608 1166 2673 teo

153 2709 255 2774 Dives
268 2710 362 2793 agris,
377 2709 470 2773 dives
483 2709 594 2792 positis
607 2710 642 2773 in
657 2710 784 2773 foenore
798 2707 951 2773 nummis

152 2809 189 2873 Si
203 2827 279 2871 vero
293 2818 350 2888 est,
365 2818 503 2871 unctum
517 2807 575 2889 qui
588 2817 671 2871 reete
685 2826 802 2889 ponere
816 2805 925 2889 possit,

153 2906 199 2971 Et
211 2906 367 2989 spondere
381 2906 446 2969 levi
459 2925 517 2988 pro
529 2925 678 2989 paupere,
693 2915 726 2969 et
739 2904 858 2986 eripere
873 2904 951 2967 atris

21 3054 22 3059 η
152 3005 280 3069 litibus
294 3005 507 3089 implicitum3
529 3004 675 3085 mirabor,
690 3004 720 3067 si
733 3003 812 3067 sciet
824 3002 918 3066 inter·

154 3104 292 3168 Nosoere
306 3105 498 3168 mendaeem
513 3123 690 3186 verumque
704 3104 819 3168 beatus
833 3102 985 3166 amioum
1103 3102 1167 3167 425

152 3203 218 3282 Tu,
233 3223 292 3266 seu
307 3202 436 3267 donaris
450 3223 510 3267 seu
524 3203 604 3285 quid
617 3204 738 3267 donare
751 3202 840 3266 voles
854 3202 916 3282 oui,

113 3298 117 3305 '
152 3301 260 3366 Nolito
275 3302 318 3366 ad
333 3322 445 3367 versus
459 3302 518 3366 tibi
531 3300 634 3366 laotos
647 3302 764 3366 duoere
778 3302 912 3384 plenum

152 3401 329 3484 lasetitiee3
352 3402 507 3467 clamabit
520 3401 626 3466 enim:
649 3402 807 3466 Pulchre!
850 3402 957 3466 Benel
1000 3401 1118 3467 Recte!

152 3502 311 3565 Pellescet
325 3501 496 3585 superbis,
511 3501 610 3565 etiam
623 3500 757 3565 stillabit
771 3502 884 3564 amieis

151 3600 205 3663 Ex
219 3601 323 3665 oeulis
337 3619 449 3682 rorem,
465 3598 565 3681 saliet,
581 3599 696 3664 tundet
708 3599 790 3684 pede
804 3610 930 3666 teriam
1102 3599 1167 3665 430

577 3829 637 3881 no.
653 3831 735 3892 paea
