2842 4342
483 364 535 415 nrr
557 365 657 417 aare
680 366 844 419 nomon
1098 348 1170 420 305

146 522 334 606 Percipient
347 521 450 585 animi
462 520 591 603 dociles,
606 532 802 606 teneantque
816 523 947 589 fideles:
1041 594 1043 598 ,

147 623 259 687 Omne
274 640 515 705 supervacuum
528 618 624 705 pleno
638 622 819 706 depectere
833 634 955 688 manat

148 724 247 787 Ficta
261 721 439 804 voluptatis
453 740 554 784 cause
569 722 634 786 sint
646 723 796 806 proxima
809 724 912 787 veris:

150 822 211 903 Ne,
227 820 446 903 quodcunque
461 819 555 901 volet,
570 833 681 904 pomt
695 822 757 885 sibi
770 821 885 885 fabule
897 821 993 901 credi,

150 921 227 986 Neu
241 939 379 1004 pransae
394 919 529 983 Lamiae
544 921 659 984 vivum
672 940 811 1005 puerum
825 922 976 985 extrahat
988 922 1072 985 alvo.
1109 923 1172 985 elo

152 1020 327 1085 Centuriae
342 1019 505 1083 seniorum
518 1020 644 1103 agitant
657 1021 804 1104 expertia
817 1020 928 1104 frugis,

152 1115 241 1184 Celsi
256 1129 460 1203 praetercunt
473 1129 602 1183 austera
617 1129 767 1203 poemata
780 1122 945 1185 Ramnes:

152 1219 262 1283 Omne
277 1218 351 1282 tulit
364 1230 533 1301 punctum,
548 1219 607 1302 qui
621 1220 752 1283 miscuit
766 1220 845 1284 utile
859 1219 957 1301 dulci,

153 1318 323 1382 lectorem
336 1317 526 1382 delectando
540 1319 720 1402 pariterque
736 1318 905 1383 monendo.

153 1419 217 1482 Hic
232 1428 332 1481 meret
346 1437 421 1481 aera
434 1418 514 1482 liber
527 1419 637 1498 Sosiis,
652 1419 707 1482 hic
721 1429 755 1483 et
768 1439 857 1483 mare
872 1419 994 1499 transit,
1109 1418 1173 1482 345

155 1518 200 1582 Et
214 1518 349 1600 longum
364 1528 440 1582 noto
454 1518 598 1601 scriptori
611 1529 760 1602 prorogat
773 1538 903 1582 aevum

154 1618 240 1681 Sunt
255 1616 372 1681 delicta
386 1628 504 1698 tamen,
519 1618 639 1701 quibus
653 1619 815 1701 ignovisse
830 1618 980 1681 velimus.
1041 1647 1049 1663 ·

156 1716 245 1780 Nam
258 1736 364 1799 neque
378 1717 500 1781 chorda
520 1736 639 1783 sonum
659 1716 772 1798 reddit,
788 1736 888 1800 quem
908 1716 981 1780 vult
1003 1734 1122 1780 marrus
1142 1726 1175 1780 et

282 1835 383 1896 mens,

156 1915 370 1996 Poscentique
385 1934 518 1997 gravem
531 1935 683 1999 persaepe
698 1915 831 1979 remittit
844 1924 997 1995 acutum;

156 2014 225 2078 Nec
241 2034 366 2098 semper
379 2014 476 2095 senet,
491 2015 710 2099 quodcunque
725 2014 909 2094 minabitur,
925 2033 1028 2079 arcus.
1111 2013 1175 2077 350

157 2113 286 2193 Verum,
302 2114 358 2177 ubi
372 2113 467 2197 plura
480 2115 583 2179 nitent
596 2116 633 2179 in
645 2116 798 2196 carmine,
813 2133 880 2179 non
894 2133 954 2199 ego
968 2112 1080 2198 paucis

15 2194 17 2289 7
156 2213 313 2279 Offendor
326 2214 473 2295 maculis,
488 2234 572 2297 quas
586 2226 644 2279 aut
657 2215 785 2281 incuria
798 2214 884 2279 fudit

155 2313 223 2376 Aut
238 2312 387 2377 humana
399 2332 516 2397 parum
530 2314 618 2378 cavit
631 2325 757 2379 natura
801 2313 894 2385 Quid
908 2332 982 2396 ergo
996 2313 1070 2378 esti

156 2411 200 2476 Ut
214 2412 348 2495 scriptor
361 2414 390 2477 si
403 2424 515 2497 peccet
529 2412 617 2478 idem
630 2412 779 2478 librarius
794 2399 907 2497 usque,

155 2512 323 2581 Quamvis
336 2524 387 2587 est
400 2514 551 2594 monitus,
566 2513 663 2577 venie
677 2524 784 2595 caret3
807 2523 845 2576 ut
858 2510 1063 2576 citharoedus
1110 2510 1173 2574 355

155 2610 301 2692 Ridetur,
316 2611 439 2678 chorda
451 2613 510 2695 qui
524 2632 650 2696 semper
663 2614 788 2677 oberrat
802 2611 935 2675 eadem:

156 2709 211 2775 Sic
225 2711 316 2791 mihi,
332 2713 389 2794 qui
402 2712 545 2777 multum
558 2723 672 2794 cesset,
687 2712 726 2775 fit
740 2710 908 2776 Choerilus
922 2708 985 2789 ille,

155 2810 271 2880 Quem
284 2810 334 2873 bis
348 2821 436 2875 terve
450 2813 574 2875 bonum
587 2830 665 2875 cum
678 2812 747 2875 risu
760 2809 875 2888 miron
897 2817 930 2871 et
943 2805 1030 2871 idem

155 2909 320 2991 Indignor,
335 2910 531 2994 quandoque
545 2911 651 2974 bonus
665 2909 817 2974 dormitat
830 2907 1001 2972 Homerus.

156 3008 280 3072 Verum
293 3010 379 3091 operi
394 3009 490 3093 longo
503 3008 555 3074 ses
569 3021 618 3075 est
632 3011 781 3092 obrepere
795 3025 957 3071 somnum
1111 3004 1176 3070 360

156 3108 201 3171 Ut
215 3108 350 3191 pictura,
364 3110 487 3193 poesis:
509 3109 569 3174 erit
582 3129 676 3192 quae,
691 3111 720 3172 si
733 3108 863 3193 propius
877 3117 951 3187 stes,
1180 3112 1187 3119 '

156 3206 209 3271 'Pe
223 3207 333 3291 capiat
345 3209 459 3293 magis,
472 3219 507 3273 et
520 3209 692 3293 quaedam,
708 3208 736 3272 si
751 3207 879 3291 longius
893 3207 1019 3271 abates:

155 3306 249 3371 Haec
263 3319 354 3372 amat
367 3310 558 3374 obscurum:
580 3310 668 3375 volet
681 3309 763 3372 haec
777 3308 840 3372 sui>
853 3305 926 3370 luce
940 3305 1050 3385 videri,

156 3406 177 3470 J
177 3405 283 3470 udicis
296 3418 449 3490 argutum
463 3428 549 3493 quae
562 3429 629 3474 non
642 3406 795 3472 formidat
808 3424 965 3488 acumen3

157 3505 249 3569 Haec
262 3505 385 3590 placuit
398 3509 509 3589 semel,
524 3509 606 3573 haec
619 3508 726 3573 decim
740 3507 874 3590 repetita
887 3504 1034 3589 placebit
1110 3503 1173 3568 36⁵

158 3605 188 3668 Ο
202 3608 304 3692 major
313 3609 484 3692 juvenum,
500 3608 652 3693 quamvis
666 3618 699 3672 et
712 3626 792 3671 voce
805 3616 939 3691 paterna

529 3835 805 3901 36⁰.me
