2842 4342
524 326 697 421 msnnn
748 371 846 422 nn
1108 355 1181 426 293

160 527 263 600 Quod
277 546 345 591 non
358 525 452 609 plura
466 525 552 591 detis
566 527 725 591 invenerit
737 550 745 610 3
768 538 923 592 ettamen
938 529 1024 593 idem

160 629 250 693 Scire
264 626 383 706 volem,
399 634 561 709 quantum
576 628 715 710 simplex
729 627 905 710 hilarisque
919 630 1027 712 nepoti

162 728 338 809 Discrepet,
353 735 386 788 et
399 735 561 808 qnantum
575 724 735 790 discordet
748 746 866 809 percus
880 747 988 792 avers.

162 827 273 890 Distat
283 824 380 903 enim,
390 843 524 906 spargas
535 833 591 887 tua
602 823 763 908 prodigus,
773 845 818 889 un
827 844 934 909 neque
943 837 1110 909 sumptum
1121 828 1181 891 195

163 925 295 988 Invitus
309 922 412 986 incias
426 941 532 1005 neque
546 923 640 1005 plura
653 942 766 1006 perere
780 923 914 1005 labores,

164 1025 211 1088 Ac
225 1022 342 1106 potius,
358 1040 438 1105 puer
451 1031 489 1085 ut
502 1021 592 1085 festis
605 1023 857 1104 quinquatribus
871 1023 958 1103 olim,

164 1123 297 1205 Exiguo
311 1130 465 1204 gratoque
479 1120 595 1184 fruens
610 1130 750 1204 tempore
766 1123 890 1205 raptim.

163 1221 338 1304 Psnperies
353 1219 524 1284 immunda
537 1219 655 1283 domus
668 1221 780 1302 procui
795 1221 899 1285 absit:
921 1240 990 1304 ego,
1006 1230 1117 1286 utrum

163 1320 257 1385 Nave
271 1318 355 1384 ferar
368 1338 490 1402 magna
503 1337 548 1383 an
561 1338 670 1402 pesve,
685 1320 769 1384 ferar
782 1339 870 1385 unus
885 1330 917 1384 et
931 1320 1026 1385 idem.
1117 1320 1181 1384 200

163 1419 238 1484 Non
253 1419 382 1502 agimur
395 1417 528 1482 tumidis
544 1417 624 1481 veiis
638 1419 801 1501 Aquilone
815 1419 976 1484 secundo:

164 1517 241 1582 Non
256 1530 366 1582 temen
380 1517 525 1581 adversis
540 1526 679 1581 aetatem
693 1517 845 1583 ducimus
851 1519 1005 1601 'Austris3
1124 1564 1134 1579 .

163 1618 302 1697 Viribus,
317 1617 454 1699 ingenio,
469 1615 584 1698 specie,
599 1616 725 1696 virtute,
741 1616 820 1697 loco,
834 1637 877 1698 re,

163 1717 312 1780 Extremi
325 1716 510 1798 primorum,
525 1715 677 1778 extremis
692 1734 797 1797 usque
811 1716 938 1799 priores.

162 1815 238 1880 Non
253 1835 289 1878 es
302 1833 439 1877 avarus:
461 1814 524 1877 sbi.
560 1813 679 1884 Quidi
717 1814 832 1877 Cetera
840 1815 909 1899 jem
925 1813 1023 1877 simul
1038 1813 1098 1876 isto
1116 1813 1180 1875 205

161 1916 251 1978 Cum
264 1914 343 1977 vitio
357 1913 492 1995 ingere?
535 1913 633 1976 Ceret
648 1912 704 1977 tibi
720 1922 833 1996 pectus
846 1913 938 1977 inani

161 2012 370 2078 Ambitione?
413 2012 510 2077 Ceret
523 2013 634 2076 mortis
647 2011 817 2077 formidine
831 2021 864 2075 et
877 2012 948 2075 irai

160 2112 306 2193 Somnia,
321 2122 452 2175 terrores
466 2111 619 2195 magicos,
635 2111 802 2192 miracula,
818 2131 923 2194 sagas,

161 2212 348 2277 Noctnmcs
362 2210 501 2274 lemures
514 2218 724 2294 portentaque
739 2210 903 2275 Thessala
917 2209 1026 2274 rides?

161 2311 297 2377 Nstules
311 2319 399 2394 grute
414 2310 591 2375 numeres?
633 2312 779 2393 Ignoscis
793 2311 931 2374 amicis?
1113 2309 1179 2373 210

160 2410 280 2475 lenior
293 2420 326 2472 et
339 2408 453 2473 melior
467 2409 508 2472 fis
522 2408 695 2473 accedente
710 2411 864 2474 senectui

159 2507 255 2580 Quid
269 2518 302 2571 te
315 2518 468 2590 exempta
482 2507 570 2571 levat
583 2508 684 2590 spinis
698 2508 739 2571 de
754 2508 900 2592 pluribus
915 2507 1008 2571 una?

160 2609 277 2673 Vivere
291 2608 317 2671 si
333 2618 417 2671 recte
431 2608 545 2685 neseis,
561 2606 680 2671 decede
695 2608 813 2691 peritis.

160 2707 285 2772 Lusisti
298 2707 385 2786 setis,
400 2706 494 2770 edisti
509 2707 587 2769 setis
601 2717 699 2790 utque
714 2706 841 2787 bibisti3

159 2807 311 2891 Tempus
325 2806 413 2870 ubire
427 2806 484 2869 tibi
498 2817 555 2885 est,
570 2826 612 2870 ne
626 2807 751 2889 potium
765 2804 887 2887 largius
902 2822 1006 2886 seque
1113 2800 1178 2867 215

159 2906 278 2972 Rideat
292 2916 326 2970 et
339 2906 445 2989 puiset
460 2905 583 2969 lesciva
597 2905 764 2970 decentius
779 2913 877 2966 setes.

435 3119 490 3173 199.
506 3120 597 3183 domm
612 3120 700 3183 domm
716 3118 800 3184 procui
810 3118 900 3182 presul.

506 3554 824 3871 ff
