2842 4342
1384 361 1782 412 oA-Rurmm

875 518 1135 583 Auditis
1152 517 1183 581 Ἰ
1226 536 1315 581 an
1342 536 1450 583 me
1480 517 1649 582 ludit
1677 518 1978 583 amabilis

874 616 1184 682 Insania?
1269 616 1515 680 Audire
1542 626 1608 679 et
1635 616 1856 680 videor
1882 616 2022 700 pios

957 716 1189 780 Errare
1217 734 1329 798 per
1357 715 1555 795 lucos,
1586 735 1898 780 amoenae

1039 816 1231 885 Quos
1259 824 1325 878 et
1350 833 1564 898 aquae
1593 817 1876 879 subeunt
1901 825 1968 879 et
1995 835 2209 880 aurae.

873 998 982 1061 Me
1013 997 1343 1062 fabulosae
1374 997 1645 1062 Vulture
1675 998 1744 1062 in
1772 999 2004 1082 Apulo,

872 1095 1132 1160 Altricis
1159 1106 1345 1158 extra
1372 1095 1572 1159 limen
1601 1097 1898 1179 Apuliae,

955 1194 1146 1258 Ludo
1174 1194 1646 1278 fatigatumque
1675 1214 1901 1260 somno

1043 1293 1300 1357 Fronde
1328 1312 1504 1358 nova
1532 1313 1807 1377 puerum
1835 1294 2174 1377 palumbes

870 1492 1143 1571 Texere‚
1175 1491 1413 1556 mirum
1441 1491 1617 1575 quod
1645 1492 1806 1556 soret
1831 1493 2151 1574 omnibus,

869 1592 1270 1674 Quicunque
1296 1590 1510 1655 celsae
1538 1592 1770 1656 nidum
1797 1593 2222 1658 Acherontiae

950 1690 1301 1773 Saltusque
1330 1691 1646 1754 Bantinos
1674 1701 1738 1754 et
1765 1711 2005 1755 arvum

1037 1790 1287 1874 Pingue
1316 1800 1538 1854 tenent
1565 1790 1832 1854 humilis
1863 1791 2140 1871 Forenti,

871 2004 957 2069 Ut
984 2014 1127 2068 tuto
1153 2004 1239 2068 ab
1265 2004 1421 2068 atris
1451 2022 1707 2086 corpore
1736 2004 1970 2086 viperis

864 2103 1227 2167 Dormirem
1253 2112 1319 2166 et
1345 2103 1529 2182 ursis,
1561 2113 1636 2167 ut
1661 2121 1977 2185 premerer
2003 2122 2189 2168 sacra

942 2201 1293 2283 Lauroque
1321 2201 1682 2284 collataque
1710 2212 1938 2285 myrto,

1032 2300 1183 2365 Non
1210 2300 1348 2364 sine
1376 2300 1479 2366 dts
1507 2302 1841 2366 animosus
1870 2300 2106 2366 infans.

862 2515 1099 2595 Vester,
1131 2516 1478 2594 Camenae,
1508 2525 1719 2578 vester
1745 2516 1816 2579 in
1845 2515 2083 2579 arduos

857 2613 1084 2679 Tollor
1111 2613 1404 2694 Sabinos,
1437 2633 1553 2677 seu
1584 2615 1745 2678 mihi
1775 2614 2083 2698 frigidum

942 2714 1285 2778 Praeneste
1314 2733 1433 2777 seu
1463 2713 1676 2777 Tibur
1709 2715 2035 2797 supinum,

1026 2814 1160 2880 Seu
1187 2813 1471 2898 liquidae
1500 2813 1799 2897 placuere
1829 2815 2046 2878 Baiae.

855 3026 1096 3091 Vestris
1125 3026 1412 3090 amicum
1442 3025 1726 3089 fontibus
1756 3037 1820 3088 et
1847 3027 2060 3090 choris

857 3126 1004 3190 Non
1035 3144 1139 3188 me
1170 3124 1485 3206 Philippis
1514 3142 1701 3186 versa
1729 3124 1898 3186 acies
1925 3135 2106 3205 retro,

940 3225 1196 3289 Devota
1224 3242 1353 3286 non
1382 3222 1692 3285 exstinxit
1721 3223 1924 3304 arbos,

1017 3324 1158 3388 Nec
1188 3322 1411 3388 Sicula
1441 3320 1786 3385 Palinurus
1815 3320 2015 3385 unda.

855 3537 1204 3621 Utcunque
1234 3557 1495 3602 mecum
1522 3556 1638 3600 vos
1667 3537 1856 3618 critiS,
1888 3537 2094 3602 libens

854 3636 1293 3700 Insanientem
1320 3637 1546 3701 navita
1575 3638 1930 3720 Bosporum

816 3836 863 3884 5.
898 3833 1126 3882 Auditis?
1162 3833 1222 3880 de
1245 3837 1371 3896 conj.
1545 3837 1618 3885 10.
1655 3836 1883 3885 Nutricis.
2049 3833 2130 3885 27.
2164 3833 2319 3883 arbor.

2527 1099 2608 1161 10

2516 1695 2596 1758 15

2501 3634 2586 3697 30
