2842 4342
285 315 332 386 10
684 329 883 383 uisuntur!

76 440 77 481 ἶ
139 576 143 581 ν
282 489 382 571 Molli,
397 488 527 571 Plarice,
542 492 638 570 mero;
653 506 714 552 seu
727 498 759 552 te
772 454 1052 572 mibenuafsignie'

325 589 440 653 Castra
454 598 572 667 terrent,
587 606 646 651 seu
661 585 764 650 densa
778 574 898 651 ten'ebit
1269 584 1314 651 20

282 687 416 753 Tiburis
430 687 546 751 umbra
559 687 615 750 tui.
659 686 796 766 Teucer,
812 685 981 751 Salamina
993 695 1182 770 patremque

325 785 412 849 Cum
426 783 559 868 fugeret,
574 796 683 849 tamen
698 784 766 849 ude
779 784 892 867 Lyaeo

283 883 446 965 Tempora
460 883 598 967 populea
611 882 711 947 fertur
725 883 871 947 vinxisse
884 901 1010 963 corona,

324 981 380 1047 Sic
396 981 499 1045 tristes
513 980 633 1046 alianis
647 982 787 1045 amicos:

282 1080 362 1151 Quo
375 1098 435 1143 nos
448 1098 579 1162 cunque
593 1078 672 1143 feret
686 1079 798 1143 melior
811 1081 958 1144 Fortuna
971 1091 1112 1163 parente,
1268 1094 1312 1158 25

325 1177 458 1257 Ibimus,
473 1196 493 1240 ο
507 1178 585 1241 socii
599 1177 815 1260 comitesque!

285 1273 339 1339 Nil
352 1274 591 1358 desperandum
605 1275 736 1341 Teucro
750 1274 834 1340 duce
847 1285 880 1339 et
893 1276 1025 1359 auspice
1039 1276 1187 1361 Teucro;

325 1374 441 1438 Certus
454 1374 543 1438 enim
556 1374 701 1458 promisit
714 1373 839 1457 Apollo,

285 1472 482 1556 Ambiguum
496 1471 608 1537 tellure
622 1491 709 1536 nova
723 1473 892 1538 Salamina
905 1472 1058 1537 futuram

326 1570 466 1636 Ofortes
479 1573 651 1656 pejoraque
665 1571 754 1655 passi
1266 1568 1310 1632 30

286 1669 418 1734 Mecum
431 1689 527 1753 saepe
541 1669 610 1751 viri,
625 1689 714 1734 nunc
729 1671 806 1734 vino
820 1669 927 1753 pellite
942 1689 1059 1754 cursa3

325 1768 406 1832 Cras
420 1769 536 1853 ingens
550 1769 738 1834 iterabimus
752 1787 881 1852 aequor.

643 2350 824 2419 OARMEN
846 2353 940 2416 vm

622 2550 685 2593 ΔΙ)
723 2551 959 2597 bruun.

323 2722 430 2806 Lydia
444 2723 506 2805 dic,
521 2744 578 2815 per
590 2743 703 2791 omncs

364 2821 417 2886 Te
431 2822 508 2886 deos
522 2842 585 2905 oro,
600 2814 746 2909 Sybarin'
756 2847 815 2892 cur
827 2847 973 2914 properes
987 2827 1129 2894 amando

323 2918 477 3002 Perdere3
500 2941 559 2986 cur
572 2925 720 3007 apricum

364 3014 477 3082 Oderit
491 3039 654 3103 eampum,
668 3025 796 3105 patiens
809 3024 951 3106 pulveris
965 3034 1064 3106 atque
1078 3024 1178 3088 solisl

323 3118 510 3202 Curneque
524 3120 671 3184 militaris
1282 3119 1301 3181 ὅ

363 3219 451 3284 Inter
465 3219 618 3304 aequales
632 3218 764 3303 equitet,
779 3218 906 3282 Gallica
920 3237 980 3281 nec
995 3217 1115 3300 lupatis

323 3316 499 3399 Temperat
512 3338 568 3383 ora
581 3317 703 3383 frenis?

364 3414 432 3479 Cur
445 3415 537 3479 timet
550 3416 676 3482 flavum
690 3416 838 3482 Tiberim
852 3414 1006 3500 tangere?
1027 3433 1086 3480 cur
1098 3414 1221 3481 olivum

322 3513 490 3597 Sanguine
504 3514 648 3596 viperino

364 3611 502 3677 Cautius
516 3612 621 3676 vitati
643 3633 750 3697 neque
759 3617 829 3699 jam
843 3613 945 3680 livida
959 3623 1064 3699 gestat
1077 3612 1176 3678 armis
1264 3613 1301 3677 10

361 3810 403 3864 tt.
419 3812 515 3874 rumice
527 3808 624 3861 Teacrt
742 3811 771 3860 c.
783 3811 896 3861 mittet
908 3813 931 3862 7.
948 3807 1210 3872 equitet-‘rement
