2842 4342
665 366 866 419 omnum!

623 620 804 682 OARMEN
832 619 921 682 XIX

584 805 638 847 An
674 795 963 848 TELEPHUM.

390 969 565 1038 Quantum
579 966 676 1029 distet
688 965 731 1027 ab
744 964 868 1028 Inacho

432 1065 566 1144 Codrus,
581 1083 637 1146 pro
652 1063 756 1145 patria
770 1081 836 1126 non
851 1062 984 1127 timidus
999 1063 1088 1144 mori,

390 1164 518 1243 Narras,
534 1172 566 1225 et
579 1180 683 1244 genus
698 1161 797 1224 Aeaci

433 1261 479 1325 Et
491 1270 637 1343 pugnata
652 1278 743 1323 sacro
756 1259 842 1324 bella
856 1259 918 1322 sub
932 1259 1010 1322 llio:

389 1362 468 1430 Quo
482 1358 604 1422 Chium
618 1358 718 1441 pretio
733 1356 853 1421 cadum
1258 1360 1280 1422 ὅ

433 1457 621 1536 Merccmur‚
636 1457 710 1538 quis
725 1475 848 1538 aquam
863 1465 1015 1538 temperet
1029 1455 1165 1538 ignibus,

390 1558 469 1627 Quo
482 1556 653 1638 praebente
667 1553 802 1618 domum
816 1563 849 1616 et
861 1564 962 1637 quota

347 1708 352 1717 .
432 1653 576 1738 Pelignis
588 1672 718 1717 caream
730 1652 908 1734 frigoribus,
924 1662 1020 1716 taces.

393 1754 447 1818 Da
460 1753 575 1817 Lunae
590 1771 719 1836 propere
733 1770 847 1832 novae,

432 1852 487 1916 Da
501 1852 612 1916 Noctis
626 1850 760 1930 mediae,
776 1849 827 1931 da,
842 1869 929 1933 puer,
945 1849 1078 1933 auguris
1240 1849 1281 1913 10

393 1951 568 2015 Murenae:
589 1950 692 2014 tribus
706 1959 765 2013 ant
777 1968 896 2013 novem

433 2050 611 2113 Miscentur
624 2049 752 2131 cyathis
765 2048 883 2130 pocula
896 2046 1082 2112 commodis.

392 2148 463 2219 Qui
478 2147 592 2211 Musas
606 2159 695 2211 amat
709 2147 855 2230 impares,

433 2245 560 2309 Temos
575 2255 622 2308 ter
635 2246 772 2329 cyathos
786 2246 941 2310 attonitus
955 2254 1041 2329 petet

393 2343 509 2406 Vates:
531 2352 595 2406 tres
610 2345 756 2427 prohibet
769 2364 868 2428 supra
1240 2344 1280 2407 15

432 2442 593 2505 Rixarum
607 2455 756 2507 metuens
770 2453 901 2527 tangere
916 2443 1028 2507 Gratia

393 2539 499 2604 Nudis
508 2542 624 2623 juncta
638 2543 806 2606 sororibus.

434 2638 579 2702 Insanire
588 2641 703 2723 juvat:
726 2659 785 2704 cur
798 2640 1008 2722 Berecyntiae

393 2737 531 2800 Cessant
545 2738 680 2803 flamina
694 2738 815 2803 tibiaci

434 2837 503 2901 Cur
515 2838 634 2920 pendet
647 2838 747 2902 tacita
759 2837 871 2902 fistula
884 2856 962 2901 cmn
976 2836 1070 2920 lyral
1239 2832 1282 2897 2⁰

393 2934 566 2999 Parcentes
580 2955 642 3020 ege
655 2937 805 3000 dexteras

434 3033 498 3097 Odi
511 3056 519 3097 z
541 3053 655 3116 sparge
669 3054 778 3097 rosas:
801 3033 914 3097 audiat
929 3033 1060 3097 invidus

394 3131 587 3195 Dementem
601 3133 770 3212 strepitum
783 3128 896 3213 Lycus

433 3232 479 3295 Et
492 3232 600 3295 vicina
614 3231 683 3294 seni
697 3248 763 3292 non
778 3230 895 3293 habilis
909 3230 1009 3310 Lyco.

393 3329 507 3413 Spissa
522 3340 552 3394 te
567 3329 708 3393 nitidum
722 3347 825 3407 coma,

434 3428 521 3492 Puro
535 3439 567 3492 te
582 3428 730 3508 similem,
745 3426 899 3510 Telephe,
915 3426 1065 3509 Vespero,

392 3527 604 3609 Tempestiva
618 3528 697 3611 petit
708 3526 844 3591 Rhode:

431 3623 489 3686 Me
504 3625 611 3688 lentus
625 3626 783 3708 Glycerae
797 3635 893 3690 torret
906 3644 997 3688 amor
1009 3642 1109 3687 meae.

495 3822 526 3869 0.
537 3821 587 3867 xlx.
602 3823 623 3867 1.
641 3819 715 3870 dictat
854 3822 892 3871 12.
912 3821 1053 3871 Minentur.
