2842 4342
510 344 812 397 urrunnun
1096 333 1160 402 207

139 504 284 568 Cervius
297 504 400 567 imme
414 499 502 584 leges
515 500 683 569 minitatur
696 511 730 564 et
743 520 868 582 umam,

139 602 286 667 Oenidia
299 601 422 679 Albuti,
438 601 557 682 quibus
571 610 621 664 est
634 601 777 680 inimica,
792 620 965 682 venenum,

140 700 279 766 Grande
292 701 420 767 melum
433 699 565 780 Turius,
580 700 610 764 si
624 699 705 782 quid
720 719 756 762 se
765 700 874 784 judiee
889 712 998 766 certes.

141 801 198 880 Ut,
216 819 283 882 quo
296 800 435 881 quisque
449 797 544 878 velet,
560 810 728 881 suspectos
742 809 866 880 terreat,
883 810 983 882 utque
1123 802 1167 866 5⁰

141 901 287 983 Imperet
301 899 363 962 hoc
377 907 495 963 nutura
508 908 631 980 potens,
646 898 694 962 sie
707 898 822 981 collige
837 918 985 963 meeum:

144 1001 255 1064 Dente
270 998 377 1081 lupus,
391 1016 492 1061 eomu
506 1007 618 1062 taurus
632 997 729 1081 petit:
751 997 846 1077 unde,
862 998 925 1063 nisi
938 999 1028 1062 intus

145 1097 392 1163 Monstrutuml
436 1097 581 1161 Scaevae
595 1097 745 1161 vivnoem
759 1096 853 1161 crede
868 1098 978 1181 nepoti

146 1198 298 1277 lintrem,
314 1194 362 1259 nil
375 1194 471 1259 faciet
484 1195 613 1260 sceleris
626 1196 681 1279 pie
694 1196 828 1261 dextere
840 1218 848 1277 3
871 1198 999 1277 mirum,

145 1297 195 1361 Ut
203 1314 311 1378 neque
319 1294 408 1357 culce
417 1294 515 1376 lupus
523 1313 731 1377 quemquam,
738 1314 843 1377 neque
851 1295 946 1359 dente
955 1294 1115 1379 petitb0s3
1126 1295 1168 1358 55

147 1393 217 1459 Sed
231 1392 320 1457 mula
334 1392 423 1456 tollet
436 1412 538 1457 unum
551 1393 664 1456 vitiato
678 1394 774 1457 melle
788 1394 904 1458 cicuta„

149 1492 201 1557 Ne
216 1491 352 1575 longum
365 1489 502 1555 faeiem:
525 1510 583 1555 seu
598 1511 651 1556 me
665 1492 840 1574 tranquilla
854 1502 1003 1557 senectus

150 1591 339 1673 Exspectat,
354 1609 412 1653 seu
427 1608 512 1653 mors
527 1591 605 1654 atris
618 1590 831 1655 circumvolet
845 1591 914 1672 alis,

153 1690 262 1769 Dives,
278 1690 379 1772 inope,
394 1689 526 1769 Romae,
542 1708 601 1753 seu
614 1688 679 1753 fors
694 1691 740 1754 ita
749 1691 890 1774 jusserit,
904 1689 1009 1769 exsul,

150 1789 314 1870 Quisquis
327 1789 385 1851 erit
399 1788 493 1868 vitae,
509 1788 657 1869 scribam,
672 1788 841 1853 color-O
857 1807 944 1871 puer,
960 1798 998 1851 ut
1011 1786 1056 1849 sis
1126 1785 1169 1848 60

151 1887 277 1968 vitalis,
291 1896 409 1967 metuo,
425 1896 458 1949 et
470 1887 629 1972 majorum
643 1908 684 1952 ne
699 1888 774 1970 quis
788 1888 914 1951 amicus

152 1988 284 2070 Frigore
299 1999 330 2050 te
344 1985 605 2057 fener-Quid?
626 2007 703 2052 eum
718 1996 768 2051 est
781 1986 929 2050 Lucilius
943 2003 1045 2049 ausus

153 2085 282 2150 Primus
296 2086 332 2149 in
344 2085 434 2150 hune
448 2086 553 2169 operis
566 2105 757 2170 componere
770 2086 916 2151 carmina
930 2104 1060 2165 morem,

153 2185 329 2249 Detrahere
343 2194 375 2247 et
388 2184 514 2268 pellem,
528 2185 652 2250 nitidus
665 2206 734 2269 qua
746 2187 885 2269 quisque
899 2172 956 2269 per'
968 2204 1024 2248 ore

153 2284 296 2364 eederet,
312 2284 484 2349 introrsum
498 2286 618 2369 turpis;
641 2305 723 2350 num
737 2285 870 2351 Laelius
884 2294 941 2349 aut
954 2284 1013 2368 qui
1127 2282 1170 2346 65

155 2384 259 2449 Duxit
274 2385 317 2448 ab
331 2403 482 2467 oppresse
496 2385 647 2450 meritum
661 2386 859 2469 Carthagine
873 2404 1002 2464 nomen,

153 2483 290 2567 Ingenio
304 2481 419 2546 offensi
432 2493 491 2547 aut
504 2484 593 2548 laeso
607 2484 738 2549 doluere
752 2485 884 2550 Metello

154 2581 368 2663 Fumosisque
382 2582 476 2665 Lupo
491 2594 637 2666 cooperto
651 2585 822 2649 versibus?
864 2581 966 2665 Atqui

154 2681 313 2745 Primores
326 2681 437 2764 populi
451 2683 585 2766 erripuit
598 2684 821 2766 populumque
835 2681 988 2761 tributim,

154 2780 286 2845 Scilicet
298 2781 358 2844 uui
372 2801 498 2863 aequus
512 2782 623 2846 virtuti
637 2793 736 2865 utque
750 2786 820 2868 ejus
834 2782 956 2846 anriois.
1130 2778 1173 2843 ⁷⁰

153 2881 249 2951 Quin
263 2880 321 2943 ubi
335 2899 370 2943 se
384 2901 405 2944 e
419 2881 520 2964 vulgo
534 2891 567 2945 et
581 2902 680 2947 soene
692 2883 727 2947 in
743 2892 864 2945 moreto
878 2889 1039 2945 remorant

155 2980 266 3044 Virtus
280 2979 452 3063 Scipiadae
465 2992 498 3044 et
511 2982 599 3045 mitis
613 2982 772 3064 supientia
786 2981 888 3061 Leelt,

154 3079 281 3162 Nuguri
295 3098 373 3143 cum
386 3079 442 3142 illo
455 3091 488 3143 et
501 3080 648 3145 discincti
664 3080 782 3161 ludere,
798 3080 902 3144 donee

156 3181 398 3263 Decoqueretur
410 3180 491 3260 olus,
504 3181 597 3245 soliti.
640 3180 815 3262 Quidquid
829 3199 904 3243 sum
917 3197 986 3261 ego,
1001 3175 1153 3261 quamvis
1233 3198 1234 3201 ¹

156 3279 368 3344 lniruLucilt
382 3299 517 3345 censum
531 3280 773 3363 ingeniumque,
788 3289 898 3343 temen
912 3297 966 3341 me
1133 3275 1176 3340 ⁷5

157 3380 244 3447 (ium
257 3379 389 3462 magnis
402 3380 524 3443 vixisse
538 3380 641 3444 iuvita
654 3378 806 3443 fatebitur
820 3395 925 3458 usque

158 3478 295 3559 invidie,
310 3489 344 3542 et
357 3477 463 3562 fragili
477 3498 635 3561 quaerens
651 3478 772 3542 illidere
786 3476 925 3555 dentem,

160 3577 311 3643 Offendet
324 3578 436 3658 solido,
452 3579 515 3642 nisi
528 3578 610 3662 quid
624 3588 670 3659 tu,
685 3577 779 3643 docte
793 3574 936 3654 Trebati,

444 3824 485 3874 49.
501 3824 703 3889 eiqub-oertet.
769 3820 809 3871 65.
825 3821 909 3882 etqui.
