2842 4342
503 363 677 415 mnan.
726 364 859 416 arm
1107 349 1177 420 241

154 522 226 589 Sed
240 520 466 602 maviramris,
482 521 530 585 uti
544 520 646 602 duem,
661 522 830 605 ingenium
844 542 895 586 res

156 622 326 687 Advorsae
340 619 465 685 nudare
480 619 592 701 solent,
606 620 711 684 celare
726 620 897 685 secundae.

157 721 361 788 Nasidienus
375 719 418 784 ad
433 720 533 784 haee:
556 719 634 784 Tibi
649 719 692 799 dt,
707 739 923 803 quaeeunque
937 722 1080 804 preceris,
1138 725 1180 788 ⁷5

159 820 343 887 Commoda
357 819 454 883 dent!
498 820 549 882 Ita
563 819 732 883 virbonus
746 822 1000 904 essonvivaque
1013 823 1132 886 comis:

160 921 208 984 Et
221 919 326 983 soleas
341 918 451 1002 possit
495 917 588 982 Tum
602 920 637 982 in
652 918 735 982 lecto
747 938 879 1001 quoque
893 919 1017 984 videres

159 1018 301 1085 Stridore
316 1028 438 1081 secrem
452 1016 574 1081 divisos
588 1037 666 1082 aure
681 1037 882 1082 susurros.-

161 1118 280 1182 Nullos
293 1118 348 1180 his
361 1115 495 1180 mallem
509 1115 604 1180 ludos
618 1128 798 1200 spectasse:
821 1118 878 1181 sed
893 1118 950 1182 illa

159 1215 285 1296 Redde,
301 1235 370 1299 age,
385 1235 471 1299 quae
485 1213 637 1299 deinoeps
651 1217 950 1283 risisti-Vibidius
964 1218 1045 1284 dum
1138 1219 1182 1283 80

160 1317 302 1386 Quaerit
314 1314 357 1379 de
371 1314 487 1399 pueris,
502 1334 585 1379 uum
599 1316 641 1379 sit
654 1335 784 1399 quoque
800 1316 901 1381 fracta
915 1318 1040 1403 lagena,

160 1414 265 1485 Quod
278 1414 339 1478 sibi
353 1414 496 1497 possenti
510 1433 576 1480 non
590 1415 710 1480 dantur
723 1416 849 1499 pocula,
864 1417 1007 1502 dumque

159 1514 299 1579 Ridetur
313 1513 398 1578 fietis
412 1535 529 1595 rerum,
544 1515 717 1581 Balatrone
732 1516 895 1581 mundo:

160 1612 347 1692 Nasidiene,
362 1612 456 1695 redis,
471 1624 616 1679 mutatae
631 1614 754 1695 frontis,
770 1626 807 1679 ut
821 1626 888 1680 arte

161 1710 410 1776 Emendaturus
423 1712 604 1797 sonunam3
628 1714 745 1779 deinde
761 1715 863 1779 secuti
1138 1715 1181 1780 8⁵

162 1812 359 1877 Menedemo
372 1814 464 1896 pueri
478 1833 598 1897 magno
611 1814 772 1897 discerpta
786 1813 922 1877 ferentes

162 1912 313 1976 Membra
326 1912 423 1995 gruis,
439 1913 542 1996 sparsi
554 1912 623 1976 sale
637 1913 751 1994 multo,
766 1931 832 1977 non
847 1913 917 1976 sine
931 1911 1022 1994 farre,

161 2011 345 2093 Pinguibus
359 2023 392 2075 et
405 2011 477 2075 ficis
490 2022 621 2095 paetum
630 2014 723 2097 jecur
737 2013 859 2077 anseris
873 2013 976 2093 albae,

162 2100 209 2173 Et
223 2110 369 2193 leporum
382 2110 523 2191 avulsos,
538 2121 575 2176 ut
589 2112 694 2177 multo
708 2113 853 2194 suavius,
869 2132 983 2194 armos,

161 2210 278 2278 Quam
292 2209 321 2273 si
333 2229 412 2273 curn
426 2209 547 2274 lumbis
560 2211 635 2294 quis
650 2210 725 2274 edit
769 2211 860 2276 Tum
874 2222 1000 2295 pectore
1011 2211 1128 2277 adusto
1138 2212 1181 2277 90

164 2306 314 2371 Vidimus
327 2317 360 2372 et
374 2308 516 2373 merulas
530 2310 606 2393 poni
620 2320 652 2373 et
667 2311 737 2374 sine
751 2310 847 2375 clune
861 2311 1039 2395 palumbes,

159 2406 289 2470 Snaves
303 2426 362 2487 res,
378 2407 405 2471 si
419 2426 486 2472 uon
500 2428 619 2472 causas
633 2419 777 2477 narraret
789 2430 903 2475 earum
916 2420 949 2475 et

161 2503 306 2569 Naturae
319 2505 489 2589 dominus3
513 2527 611 2589 quern
625 2527 686 2572 nos
700 2509 747 2572 sie
761 2508 905 2593 fugimus
919 2509 988 2591 ulti,

161 2602 208 2667 Ut
221 2604 305 2667 nihil
318 2606 451 2669 omnino
465 2617 679 2689 pausemus,
695 2608 786 2672 velut
799 2610 863 2673 illis

163 2704 303 2768 mdia
316 2702 467 2786 afflasset,
482 2708 567 2790 pejor
582 2708 781 2790 serpentibus
797 2708 891 2772 Afris.
1137 2708 1181 2774 9⁵

287 2903 321 2954 75
346 2906 461 2966 precaris.
528 2907 569 2958 82.
586 2905 679 2958 dennu.
745 2908 786 2960 88.
803 2906 860 2957 albi.
926 2907 966 2957 95.
984 2908 1051 2956 atrls‘
