2842 4342
547 334 658 383 mun
681 335 732 385 IV.
782 336 812 386 o.
839 335 918 385 vm.
1168 319 1237 395 lat

284 495 373 565 Quis
387 491 456 571 scit,
471 510 515 555 an
529 490 682 574 adjicient
695 489 869 557 hodiernae
882 492 1024 556 crastina
1038 511 1186 558 summae

369 591 534 672 Tempora
547 588 582 653 dt
595 590 727 673 superi?

284 693 413 756 Cuncta
426 708 546 755 rnanus
561 688 677 752 avidae
691 688 818 772 fugient
831 690 967 771 heredia,
983 691 1088 755 amico

371 791 468 862 Quae
481 787 607 852 dederis
621 788 740 853 animo.
1196 790 1240 854 20

286 888 374 952 Cum
388 888 486 951 semel
500 886 655 951 occideris
668 899 701 951 et
715 887 756 950 de
771 898 803 950 te
817 886 986 970 splendide
1000 888 1108 953 Minos

370 987 495 1051 Fecerit
508 986 646 1065 arbitria,

287 1085 372 1165 Non,
386 1086 562 1168 Torquate,
577 1103 689 1168 genus,
704 1103 771 1149 non
786 1095 818 1148 te
832 1084 994 1167 facundia,
1009 1105 1075 1151 non
1089 1096 1120 1151 te

372 1184 532 1250 Restituet
544 1184 666 1268 pietea3

288 1282 425 1348 lnfemis
438 1283 647 1366 nequeenim
661 1283 798 1346 tenebris
813 1284 923 1348 Diana
936 1284 1092 1366 pudicum
1197 1285 1239 1350 25

370 1382 500 1447 Liberat
509 1383 734 1467 Hippolytum,

288 1482 357 1546 Nec
371 1481 515 1545 Lethaea
529 1481 618 1545 valet
631 1482 785 1547 Theseus
799 1482 988 1566 abrumpere
1001 1503 1076 1547 caro

373 1580 513 1645 Vincula
527 1580 677 1645 Pirithoo.

673 1867 793 1880 —

586 2091 766 2154 OARMEN
795 2091 889 2154 VIII.

392 2274 445 2318 An
477 2275 513 2318 0.
545 2275 746 2320 mancum
779 2276 1075 2321 CENSORINUII.

394 2406 559 2499 Dondfflm
572 2412 873 2521 piterds³gratdque
888 2422 1085 2518 comnrddds,

354 2533 536 2615 Censenne,
551 2537 633 2599 meis
647 2556 723 2600 aera
737 2535 910 2618 sodalibus,

354 2631 517 2696 Donarem
532 2634 683 2717 tripodes,
698 2638 841 2719 praemia
855 2636 986 2700 fortium

353 2731 532 2812 Graiorum,
548 2752 654 2816 neque
669 2744 707 2797 tu
721 2737 863 2818 pessima
877 2754 1050 2799 munerum

353 2829 475 2911 Ferrea,
491 2830 591 2896 divite
605 2852 659 2896 me
674 2834 796 2897 scilieet
809 2835 938 2914 artium,
1219 2834 1240 2897 5

351 2928 447 2999 Ques
462 2939 520 2993 aut
535 2930 729 2995 Parrhasius
743 2932 875 3016 protulit
889 2941 947 2995 aut
961 2932 1092 3016 Scopas,

351 3025 414 3089 Hic
429 3046 518 3108 saxo,
534 3028 666 3112 liquidis
680 3030 736 3094 ille
750 3030 909 3095 coloribus

351 3123 469 3189 Sollers
483 3146 572 3193 nuno
586 3128 755 3193 hominem
768 3149 893 3213 ponere,
908 3148 997 3194 nunc
1011 3129 1118 3193 deuna

350 3221 415 3287 Sed
429 3244 495 3289 non
510 3226 592 3290 haec
606 3227 687 3291 mihi
702 3229 761 3309 vis,
776 3248 843 3292 non
857 3228 915 3292 tibi
929 3228 1044 3292 talium

349 3320 479 3387 Reseat
492 3335 550 3388 aut
564 3327 695 3391 animm
709 3326 900 3392 deliciarum
913 3346 1021 3409 egena.
1201 3329 1240 3392 10

349 3420 482 3486 Gaudes
495 3426 711 3490 carminibus:
734 3427 880 3490 carmina
893 3445 1067 3510 possumus

310 3570 315 3581 .
350 3517 479 3614 Donare
493 3533 527 3587 et
540 3526 679 3606 pretium
693 3525 800 3589 dicere
814 3527 950 3590 muneri.

585 3725 625 3773 17.
642 3724 879 3776 hodiernae—vitoe.

361 3795 452 3851 aviii.
466 3804 489 3853 1.
507 3804 649 3855 comedia
715 3807 740 3857 9.
757 3809 863 3858 aeotibi.
932 3808 970 3859 12.
987 3808 1099 3859 mortun
