<?xml version="1.0" encoding="UTF-8"?>
<!DOCTYPE html PUBLIC "-//W3C//DTD XHTML 1.0 Transitional//EN"
    "http://www.w3.org/TR/xhtml1/DTD/xhtml1-transitional.dtd">
<html xmlns="http://www.w3.org/1999/xhtml" xml:lang="en" lang="en">
 <head>
  <title>
</title>
<meta http-equiv="Content-Type" content="text/html;charset=utf-8" />
  <meta name='ocr-system' content='tesseract 3.04.00' />
  <meta name='ocr-capabilities' content='ocr_page ocr_carea ocr_par ocr_line ocrx_word'/>
</head>
<body>
  <div class='ocr_page' id='page_1' title='image "./workshorace09horagoog_0269.png"; bbox 0 0 2842 4342; ppageno 0'>
   <div class='ocr_carea' id='block_1_1' title="bbox 506 367 835 421">
    <p class='ocr_par' dir='ltr' id='par_1_1' title="bbox 506 367 835 421">
     <span class='ocr_line' id='line_1_1' title="bbox 506 367 835 421; baseline 0.006 -2"><span class='ocrx_word' id='word_1_1' title='bbox 506 367 680 421; x_wconf 71' lang='lat' dir='ltr'>tumn.</span> <span class='ocrx_word' id='word_1_2' title='bbox 728 369 835 421; x_wconf 69' lang='grc' dir='ltr'>ΜΠ.</span> 
     </span>
    </p>
   </div>
   <div class='ocr_carea' id='block_1_2' title="bbox 151 523 1097 908">
    <p class='ocr_par' dir='ltr' id='par_1_2' title="bbox 151 523 1097 908">
     <span class='ocr_line' id='line_1_2' title="bbox 151 523 1031 610; baseline -0.001 -19"><span class='ocrx_word' id='word_1_3' title='bbox 151 524 310 607; x_wconf 75' lang='lat' dir='ltr'><strong>Nequitia</strong></span> <span class='ocrx_word' id='word_1_4' title='bbox 323 535 356 587; x_wconf 90' lang='lat' dir='ltr'>et</span> <span class='ocrx_word' id='word_1_5' title='bbox 369 523 477 607; x_wconf 77' lang='lat' dir='ltr'>nugis,</span> <span class='ocrx_word' id='word_1_6' title='bbox 491 542 665 607; x_wconf 76' lang='lat' dir='ltr'>pravorum</span> <span class='ocrx_word' id='word_1_7' title='bbox 679 534 713 588; x_wconf 89' lang='lat' dir='ltr'>et</span> <span class='ocrx_word' id='word_1_8' title='bbox 726 544 833 589; x_wconf 83' lang='lat' dir='ltr'>amore</span> <span class='ocrx_word' id='word_1_9' title='bbox 847 525 1031 610; x_wconf 81' lang='lat' dir='ltr'>gemellum,</span> 
     </span>
     <span class='ocr_line' id='line_1_3' title="bbox 153 623 940 709; baseline -0.004 -17"><span class='ocrx_word' id='word_1_10' title='bbox 153 624 329 692; x_wconf 77' lang='lat' dir='ltr'>Lusciuiss</span> <span class='ocrx_word' id='word_1_11' title='bbox 342 623 427 688; x_wconf 89' lang='lat' dir='ltr'>soliti</span> <span class='ocrx_word' id='word_1_12' title='bbox 441 625 587 707; x_wconf 87' lang='lat' dir='ltr'>impenso</span> <span class='ocrx_word' id='word_1_13' title='bbox 600 624 756 707; x_wconf 81' lang='lat' dir='ltr'>prendere</span> <span class='ocrx_word' id='word_1_14' title='bbox 769 635 940 709; x_wconf 78' lang='lat' dir='ltr'>coemptos,</span> 
     </span>
     <span class='ocr_line' id='line_1_4' title="bbox 152 724 1097 805; baseline 0.003 -17"><span class='ocrx_word' id='word_1_15' title='bbox 152 725 325 796; x_wconf 79' lang='lat' dir='ltr'>Quorsum</span> <span class='ocrx_word' id='word_1_16' title='bbox 338 724 480 788; x_wconf 78' lang='lat' dir='ltr'>abesntl</span> <span class='ocrx_word' id='word_1_17' title='bbox 501 724 604 787; x_wconf 80' lang='lat' dir='ltr'>souin&#39;</span> <span class='ocrx_word' id='word_1_18' title='bbox 618 733 715 805; x_wconf 82' lang='lat' dir='ltr'>crete,</span> <span class='ocrx_word' id='word_1_19' title='bbox 730 743 775 788; x_wconf 82' lang='lat' dir='ltr'>nn</span> <span class='ocrx_word' id='word_1_20' title='bbox 789 725 926 789; x_wconf 79' lang='lat' dir='ltr'><strong>carbone</strong></span> <span class='ocrx_word' id='word_1_21' title='bbox 939 726 1097 791; x_wconf 77' lang='lat' dir='ltr'>nonndit</span> 
     </span>
     <span class='ocr_line' id='line_1_5' title="bbox 154 822 938 908; baseline 0 -20"><span class='ocrx_word' id='word_1_22' title='bbox 154 823 338 888; x_wconf 81' lang='lat' dir='ltr'>Aedificare</span> <span class='ocrx_word' id='word_1_23' title='bbox 351 842 455 903; x_wconf 83' lang='lat' dir='ltr'>ceses,</span> <span class='ocrx_word' id='word_1_24' title='bbox 469 822 617 906; x_wconf 72' lang='lat' dir='ltr'>plostello</span> <span class='ocrx_word' id='word_1_25' title='bbox 630 823 806 908; x_wconf 76' lang='lat' dir='ltr'>adjungere</span> <span class='ocrx_word' id='word_1_26' title='bbox 820 843 938 905; x_wconf 85' lang='lat' dir='ltr'>mures,</span> 
     </span>
    </p>
   </div>
   <div class='ocr_carea' id='block_1_3' title="bbox 154 922 1268 3588">
    <p class='ocr_par' dir='ltr' id='par_1_3' title="bbox 155 922 988 1008">
     <span class='ocr_line' id='line_1_6' title="bbox 155 922 988 1008; baseline 0.001 -22"><span class='ocrx_word' id='word_1_27' title='bbox 155 922 283 987; x_wconf 81' lang='lat' dir='ltr'>Ludere</span> <span class='ocrx_word' id='word_1_28' title='bbox 298 942 358 1006; x_wconf 86' lang='lat' dir='ltr'>per</span> <span class='ocrx_word' id='word_1_29' title='bbox 370 923 483 1005; x_wconf 79' lang='lat' dir='ltr'>imper,</span> <span class='ocrx_word' id='word_1_30' title='bbox 498 923 643 1004; x_wconf 75' lang='lat' dir='ltr'>equitare</span> <span class='ocrx_word' id='word_1_31' title='bbox 650 924 692 1008; x_wconf 81' lang='lat' dir='ltr'>¹in</span> <span class='ocrx_word' id='word_1_32' title='bbox 705 923 868 988; x_wconf 80' lang='lat' dir='ltr'>arundine</span> <span class='ocrx_word' id='word_1_33' title='bbox 883 924 988 1008; x_wconf 82' lang='lat' dir='ltr'>longa,</span> 
     </span>
    </p>

    <p class='ocr_par' dir='ltr' id='par_1_4' title="bbox 154 1022 935 1106">
     <span class='ocr_line' id='line_1_7' title="bbox 154 1022 935 1106; baseline 0 -18"><span class='ocrx_word' id='word_1_34' title='bbox 154 1024 191 1089; x_wconf 83' lang='lat' dir='ltr'>si</span> <span class='ocrx_word' id='word_1_35' title='bbox 204 1042 307 1106; x_wconf 89' lang='lat' dir='ltr'>quem</span> <span class='ocrx_word' id='word_1_36' title='bbox 320 1022 457 1086; x_wconf 84' lang='lat' dir='ltr'>delectet</span> <span class='ocrx_word' id='word_1_37' title='bbox 469 1023 650 1104; x_wconf 73' lang='lat' dir='ltr'>borbonum,</span> <span class='ocrx_word' id='word_1_38' title='bbox 664 1025 808 1088; x_wconf 82' lang='lat' dir='ltr'>amentia</span> <span class='ocrx_word' id='word_1_39' title='bbox 821 1037 935 1088; x_wconf 83' lang='lat' dir='ltr'>verset.</span> 
     </span>
    </p>

    <p class='ocr_par' dir='ltr' id='par_1_5' title="bbox 154 1121 880 1206">
     <span class='ocr_line' id='line_1_8' title="bbox 154 1121 880 1206; baseline 0 -19"><span class='ocrx_word' id='word_1_40' title='bbox 154 1122 191 1187; x_wconf 83' lang='lat' dir='ltr'>Si</span> <span class='ocrx_word' id='word_1_41' title='bbox 204 1121 362 1206; x_wconf 84' lang='lat' dir='ltr'>puerilius</span> <span class='ocrx_word' id='word_1_42' title='bbox 376 1122 429 1185; x_wconf 87' lang='lat' dir='ltr'>his</span> <span class='ocrx_word' id='word_1_43' title='bbox 442 1123 524 1187; x_wconf 85' lang='lat' dir='ltr'>rstio</span> <span class='ocrx_word' id='word_1_44' title='bbox 537 1142 608 1187; x_wconf 85' lang='lat' dir='ltr'>esse</span> <span class='ocrx_word' id='word_1_45' title='bbox 620 1123 749 1187; x_wconf 83' lang='lat' dir='ltr'>evincet</span> <span class='ocrx_word' id='word_1_46' title='bbox 762 1143 880 1204; x_wconf 80' lang='lat' dir='ltr'>emere,</span> 
     </span>
    </p>

    <p class='ocr_par' dir='ltr' id='par_1_6' title="bbox 155 1220 1068 1406">
     <span class='ocr_line' id='line_1_9' title="bbox 155 1220 1068 1307; baseline 0.005 -22"><span class='ocrx_word' id='word_1_47' title='bbox 155 1221 225 1286; x_wconf 88' lang='lat' dir='ltr'>Nec</span> <span class='ocrx_word' id='word_1_48' title='bbox 240 1220 422 1305; x_wconf 79' lang='lat' dir='ltr'>quidquam</span> <span class='ocrx_word' id='word_1_49' title='bbox 435 1221 568 1304; x_wconf 83' lang='lat' dir='ltr'>differre,</span> <span class='ocrx_word' id='word_1_50' title='bbox 583 1232 735 1288; x_wconf 90' lang='lat' dir='ltr'>utrumne</span> <span class='ocrx_word' id='word_1_51' title='bbox 749 1224 783 1287; x_wconf 91' lang='lat' dir='ltr'>in</span> <span class='ocrx_word' id='word_1_52' title='bbox 797 1223 937 1307; x_wconf 86' lang='lat' dir='ltr'>pulvere,</span> <span class='ocrx_word' id='word_1_53' title='bbox 953 1223 1068 1290; x_wconf 89' lang='lat' dir='ltr'>trimus</span> 
     </span>
     <span class='ocr_line' id='line_1_10' title="bbox 155 1320 963 1406; baseline 0.005 -23"><span class='ocrx_word' id='word_1_54' title='bbox 155 1320 268 1391; x_wconf 75' lang='lat' dir='ltr'>Quale</span> <span class='ocrx_word' id='word_1_55' title='bbox 281 1321 379 1403; x_wconf 87' lang='lat' dir='ltr'>prius,</span> <span class='ocrx_word' id='word_1_56' title='bbox 393 1321 491 1386; x_wconf 81' lang='lat' dir='ltr'>ludes</span> <span class='ocrx_word' id='word_1_57' title='bbox 504 1340 594 1406; x_wconf 88' lang='lat' dir='ltr'>opus,</span> <span class='ocrx_word' id='word_1_58' title='bbox 609 1341 653 1386; x_wconf 84' lang='lat' dir='ltr'>en</span> <span class='ocrx_word' id='word_1_59' title='bbox 667 1323 841 1387; x_wconf 86' lang='lat' dir='ltr'>meretricis</span> <span class='ocrx_word' id='word_1_60' title='bbox 855 1342 963 1387; x_wconf 81' lang='lat' dir='ltr'>amore</span> 
     </span>
    </p>

    <p class='ocr_par' dir='ltr' id='par_1_7' title="bbox 155 1419 963 1505">
     <span class='ocr_line' id='line_1_11' title="bbox 155 1419 963 1505; baseline 0.004 -21"><span class='ocrx_word' id='word_1_61' title='bbox 155 1419 322 1484; x_wconf 87' lang='lat' dir='ltr'>Sollicitus</span> <span class='ocrx_word' id='word_1_62' title='bbox 335 1420 458 1503; x_wconf 83' lang='lat' dir='ltr'>plores3</span> <span class='ocrx_word' id='word_1_63' title='bbox 480 1440 609 1504; x_wconf 83' lang='lat' dir='ltr'>queem,</span> <span class='ocrx_word' id='word_1_64' title='bbox 625 1421 768 1485; x_wconf 79' lang='lat' dir='ltr'>faciasne</span> <span class='ocrx_word' id='word_1_65' title='bbox 781 1422 870 1505; x_wconf 90' lang='lat' dir='ltr'>quod</span> <span class='ocrx_word' id='word_1_66' title='bbox 884 1422 963 1487; x_wconf 86' lang='lat' dir='ltr'>olim</span> 
     </span>
    </p>

    <p class='ocr_par' dir='ltr' id='par_1_8' title="bbox 157 1520 901 1605">
     <span class='ocr_line' id='line_1_12' title="bbox 157 1520 901 1605; baseline 0.001 -20"><span class='ocrx_word' id='word_1_67' title='bbox 157 1520 306 1585; x_wconf 73' lang='lat' dir='ltr'>nutans</span> <span class='ocrx_word' id='word_1_68' title='bbox 320 1520 498 1585; x_wconf 71' lang='lat' dir='ltr'>Polemon?</span> <span class='ocrx_word' id='word_1_69' title='bbox 519 1539 622 1604; x_wconf 82' lang='lat' dir='ltr'>ponus</span> <span class='ocrx_word' id='word_1_70' title='bbox 635 1521 776 1605; x_wconf 79' lang='lat' dir='ltr'>insignis</span> <span class='ocrx_word' id='word_1_71' title='bbox 789 1523 901 1603; x_wconf 88' lang='lat' dir='ltr'>morbi,</span> 
     </span>
    </p>

    <p class='ocr_par' dir='ltr' id='par_1_9' title="bbox 157 1618 1173 1803">
     <span class='ocr_line' id='line_1_13' title="bbox 157 1618 1173 1704; baseline 0.004 -21"><span class='ocrx_word' id='word_1_72' title='bbox 157 1618 334 1701; x_wconf 58' lang='lat' dir='ltr'>Fescioles</span> <span class='ocrx_word' id='word_1_73' title='bbox 349 1619 480 1700; x_wconf 82' lang='lat' dir='ltr'>cubitol,</span> <span class='ocrx_word' id='word_1_74' title='bbox 494 1618 621 1700; x_wconf 79' lang='lat' dir='ltr'>focalia,</span> <span class='ocrx_word' id='word_1_75' title='bbox 635 1630 730 1704; x_wconf 89' lang='lat' dir='ltr'>potus</span> <span class='ocrx_word' id='word_1_76' title='bbox 745 1631 783 1685; x_wconf 90' lang='lat' dir='ltr'>ut</span> <span class='ocrx_word' id='word_1_77' title='bbox 796 1621 850 1685; x_wconf 91' lang='lat' dir='ltr'>ille</span> <span class='ocrx_word' id='word_1_78' title='bbox 1108 1623 1173 1687; x_wconf 73' lang='lat'>255</span> 
     </span>
     <span class='ocr_line' id='line_1_14' title="bbox 157 1718 891 1803; baseline 0.007 -23"><span class='ocrx_word' id='word_1_79' title='bbox 157 1718 285 1781; x_wconf 82' lang='lat' dir='ltr'><strong>Dicitur</strong></span> <span class='ocrx_word' id='word_1_80' title='bbox 297 1737 340 1781; x_wconf 86' lang='lat' dir='ltr'>ex</span> <span class='ocrx_word' id='word_1_81' title='bbox 354 1718 437 1783; x_wconf 92' lang='lat' dir='ltr'>collo</span> <span class='ocrx_word' id='word_1_82' title='bbox 450 1718 562 1783; x_wconf 82' lang='lat' dir='ltr'>tintim</span> <span class='ocrx_word' id='word_1_83' title='bbox 577 1719 734 1803; x_wconf 75' lang='lat' dir='ltr'>carpsisse</span> <span class='ocrx_word' id='word_1_84' title='bbox 748 1739 891 1800; x_wconf 84' lang='lat' dir='ltr'>corones,</span> 
     </span>
    </p>

    <p class='ocr_par' dir='ltr' id='par_1_10' title="bbox 156 1816 1023 2000">
     <span class='ocr_line' id='line_1_15' title="bbox 158 1816 1023 1902; baseline 0.006 -25"><span class='ocrx_word' id='word_1_85' title='bbox 158 1816 336 1898; x_wconf 74' lang='lat' dir='ltr'>Postquam</span> <span class='ocrx_word' id='word_1_86' title='bbox 349 1827 398 1881; x_wconf 91' lang='lat' dir='ltr'>est</span> <span class='ocrx_word' id='word_1_87' title='bbox 411 1817 567 1901; x_wconf 81' lang='lat' dir='ltr'>impransi</span> <span class='ocrx_word' id='word_1_88' title='bbox 580 1828 744 1900; x_wconf 87' lang='lat' dir='ltr'>correptus</span> <span class='ocrx_word' id='word_1_89' title='bbox 759 1837 839 1882; x_wconf 85' lang='lat' dir='ltr'>voce</span> <span class='ocrx_word' id='word_1_90' title='bbox 853 1818 1023 1902; x_wconf 69' lang='lat' dir='ltr'>magistris</span> 
     </span>
     <span class='ocr_line' id='line_1_16' title="bbox 156 1916 875 2000; baseline 0.003 -22"><span class='ocrx_word' id='word_1_91' title='bbox 156 1916 297 1999; x_wconf 79' lang='lat' dir='ltr'>Porrigis</span> <span class='ocrx_word' id='word_1_92' title='bbox 311 1917 392 1980; x_wconf 88' lang='lat' dir='ltr'>irato</span> <span class='ocrx_word' id='word_1_93' title='bbox 405 1936 504 2000; x_wconf 88' lang='lat' dir='ltr'>puero</span> <span class='ocrx_word' id='word_1_94' title='bbox 516 1936 594 1981; x_wconf 92' lang='lat' dir='ltr'>oum</span> <span class='ocrx_word' id='word_1_95' title='bbox 608 1936 715 2000; x_wconf 78' lang='lat' dir='ltr'>pomo,</span> <span class='ocrx_word' id='word_1_96' title='bbox 730 1926 875 1980; x_wconf 87' lang='lat' dir='ltr'>recuset:</span> 
     </span>
    </p>

    <p class='ocr_par' dir='ltr' id='par_1_11' title="bbox 157 2015 1173 2296">
     <span class='ocr_line' id='line_1_17' title="bbox 157 2015 1048 2100; baseline 0 -20"><span class='ocrx_word' id='word_1_97' title='bbox 157 2015 268 2095; x_wconf 82' lang='lat' dir='ltr'>Sume,</span> <span class='ocrx_word' id='word_1_98' title='bbox 283 2016 415 2097; x_wconf 60' lang='lat' dir='ltr'>(intelle,</span> <span class='ocrx_word' id='word_1_99' title='bbox 428 2026 544 2100; x_wconf 83' lang='lat' dir='ltr'>neget:</span> <span class='ocrx_word' id='word_1_100' title='bbox 566 2018 594 2081; x_wconf 91' lang='lat' dir='ltr'>si</span> <span class='ocrx_word' id='word_1_101' title='bbox 608 2035 675 2081; x_wconf 93' lang='lat' dir='ltr'>non</span> <span class='ocrx_word' id='word_1_102' title='bbox 689 2015 756 2097; x_wconf 88' lang='lat' dir='ltr'>des,</span> <span class='ocrx_word' id='word_1_103' title='bbox 771 2026 869 2100; x_wconf 80' lang='lat' dir='ltr'>optet</span> <span class='ocrx_word' id='word_1_104' title='bbox 912 2016 1048 2080; x_wconf 80' lang='lat' dir='ltr'><strong>Amator</strong></span> 
     </span>
     <span class='ocr_line' id='line_1_18' title="bbox 157 2113 1173 2198; baseline 0.004 -21"><span class='ocrx_word' id='word_1_105' title='bbox 157 2113 326 2178; x_wconf 81' lang='lat' dir='ltr'>Exclusus</span> <span class='ocrx_word' id='word_1_106' title='bbox 339 2123 398 2197; x_wconf 90' lang='lat' dir='ltr'>qut</span> <span class='ocrx_word' id='word_1_107' title='bbox 412 2114 517 2196; x_wconf 79' lang='lat' dir='ltr'>distat,</span> <span class='ocrx_word' id='word_1_108' title='bbox 532 2116 601 2198; x_wconf 78' lang='lat' dir='ltr'>egit</span> <span class='ocrx_word' id='word_1_109' title='bbox 614 2116 671 2180; x_wconf 91' lang='lat' dir='ltr'>nbi</span> <span class='ocrx_word' id='word_1_110' title='bbox 684 2134 806 2196; x_wconf 86' lang='lat' dir='ltr'>secum,</span> <span class='ocrx_word' id='word_1_111' title='bbox 821 2125 932 2180; x_wconf 78' lang='lat' dir='ltr'>eatan</span> <span class='ocrx_word' id='word_1_112' title='bbox 945 2135 1020 2197; x_wconf 89' lang='lat' dir='ltr'>non,</span> <span class='ocrx_word' id='word_1_113' title='bbox 1108 2116 1173 2181; x_wconf 74' lang='lat'>260</span> 
     </span>
     <span class='ocr_line' id='line_1_19' title="bbox 157 2212 940 2296; baseline 0.004 -21"><span class='ocrx_word' id='word_1_114' title='bbox 157 2213 237 2284; x_wconf 79' lang='lat' dir='ltr'>Quo</span> <span class='ocrx_word' id='word_1_115' title='bbox 251 2212 413 2277; x_wconf 85' lang='lat' dir='ltr'>rediturus</span> <span class='ocrx_word' id='word_1_116' title='bbox 426 2224 494 2278; x_wconf 86' lang='lat' dir='ltr'>erst</span> <span class='ocrx_word' id='word_1_117' title='bbox 507 2233 574 2278; x_wconf 89' lang='lat' dir='ltr'>nou</span> <span class='ocrx_word' id='word_1_118' title='bbox 588 2214 769 2296; x_wconf 77' lang='lat' dir='ltr'>arcessiurs,</span> <span class='ocrx_word' id='word_1_119' title='bbox 783 2224 817 2278; x_wconf 87' lang='lat' dir='ltr'>et</span> <span class='ocrx_word' id='word_1_120' title='bbox 829 2215 940 2279; x_wconf 82' lang='lat' dir='ltr'>haeret</span> 
     </span>
    </p>

    <p class='ocr_par' dir='ltr' id='par_1_12' title="bbox 158 2311 1036 2496">
     <span class='ocr_line' id='line_1_20' title="bbox 158 2311 1036 2399; baseline 0.005 -24"><span class='ocrx_word' id='word_1_121' title='bbox 158 2312 278 2376; x_wconf 80' lang='lat' dir='ltr'>lurisis</span> <span class='ocrx_word' id='word_1_122' title='bbox 292 2311 437 2378; x_wconf 74' lang='lat' dir='ltr'>sonbust</span> <span class='ocrx_word' id='word_1_123' title='bbox 479 2312 548 2378; x_wconf 91' lang='lat' dir='ltr'>Neo</span> <span class='ocrx_word' id='word_1_124' title='bbox 562 2332 659 2394; x_wconf 89' lang='lat' dir='ltr'>nunc,</span> <span class='ocrx_word' id='word_1_125' title='bbox 674 2332 754 2378; x_wconf 90' lang='lat' dir='ltr'>cum</span> <span class='ocrx_word' id='word_1_126' title='bbox 767 2332 821 2378; x_wconf 90' lang='lat' dir='ltr'>me</span> <span class='ocrx_word' id='word_1_127' title='bbox 834 2325 930 2399; x_wconf 78' lang='lat' dir='ltr'>vocat</span> <span class='ocrx_word' id='word_1_128' title='bbox 943 2315 1036 2396; x_wconf 91' lang='lat' dir='ltr'>ultro,</span> 
     </span>
     <span class='ocr_line' id='line_1_21' title="bbox 158 2411 950 2496; baseline 0 -18"><span class='ocrx_word' id='word_1_129' title='bbox 158 2411 349 2478; x_wconf 64' lang='lat' dir='ltr'>Accedam?</span> <span class='ocrx_word' id='word_1_130' title='bbox 371 2432 414 2476; x_wconf 85' lang='lat' dir='ltr'>en</span> <span class='ocrx_word' id='word_1_131' title='bbox 427 2412 535 2496; x_wconf 88' lang='lat' dir='ltr'>potins</span> <span class='ocrx_word' id='word_1_132' title='bbox 548 2412 683 2477; x_wconf 84' lang='lat' dir='ltr'>mediter</span> <span class='ocrx_word' id='word_1_133' title='bbox 696 2412 789 2478; x_wconf 85' lang='lat' dir='ltr'>finire</span> <span class='ocrx_word' id='word_1_134' title='bbox 802 2413 950 2478; x_wconf 80' lang='lat' dir='ltr'>doloresi</span> 
     </span>
    </p>

    <p class='ocr_par' dir='ltr' id='par_1_13' title="bbox 156 2512 1173 3074">
     <span class='ocr_line' id='line_1_22' title="bbox 158 2512 1137 2594; baseline 0 -17"><span class='ocrx_word' id='word_1_135' title='bbox 158 2512 330 2594; x_wconf 81' lang='lat' dir='ltr'>Exclusit;</span> <span class='ocrx_word' id='word_1_136' title='bbox 352 2523 498 2577; x_wconf 80' lang='lat' dir='ltr'>revocet:</span> <span class='ocrx_word' id='word_1_137' title='bbox 520 2512 677 2578; x_wconf 76' lang='lat' dir='ltr'>redemi</span> <span class='ocrx_word' id='word_1_138' title='bbox 720 2512 803 2593; x_wconf 84' lang='lat' dir='ltr'>Non,</span> <span class='ocrx_word' id='word_1_139' title='bbox 818 2513 847 2577; x_wconf 91' lang='lat' dir='ltr'>si</span> <span class='ocrx_word' id='word_1_140' title='bbox 860 2513 1012 2578; x_wconf 89' lang='lat' dir='ltr'>obsecret</span> <span class='ocrx_word' id='word_1_141' title='bbox 1049 2512 1137 2577; x_wconf 80' lang='lat' dir='ltr'>Ecce</span> 
     </span>
     <span class='ocr_line' id='line_1_23' title="bbox 157 2611 1173 2696; baseline 0.001 -19"><span class='ocrx_word' id='word_1_142' title='bbox 157 2613 288 2693; x_wconf 82' lang='lat' dir='ltr'>Servus,</span> <span class='ocrx_word' id='word_1_143' title='bbox 303 2631 371 2677; x_wconf 90' lang='lat' dir='ltr'>non</span> <span class='ocrx_word' id='word_1_144' title='bbox 384 2611 494 2695; x_wconf 83' lang='lat' dir='ltr'>paullo</span> <span class='ocrx_word' id='word_1_145' title='bbox 508 2612 698 2695; x_wconf 68' lang='lat' dir='ltr'>sapientior:</span> <span class='ocrx_word' id='word_1_146' title='bbox 721 2612 751 2676; x_wconf 94' lang='grc' dir='ltr'>Ο</span> <span class='ocrx_word' id='word_1_147' title='bbox 765 2613 850 2694; x_wconf 83' lang='lat' dir='ltr'>here,</span> <span class='ocrx_word' id='word_1_148' title='bbox 865 2632 951 2696; x_wconf 83' lang='lat' dir='ltr'>quse</span> <span class='ocrx_word' id='word_1_149' title='bbox 964 2632 1015 2677; x_wconf 90' lang='lat' dir='ltr'>res</span> <span class='ocrx_word' id='word_1_150' title='bbox 1108 2612 1173 2678; x_wconf 69' lang='lat'>265</span> 
     </span>
     <span class='ocr_line' id='line_1_24' title="bbox 156 2711 1117 2794; baseline -0.001 -18"><span class='ocrx_word' id='word_1_151' title='bbox 156 2711 226 2776; x_wconf 89' lang='lat' dir='ltr'>Nec</span> <span class='ocrx_word' id='word_1_152' title='bbox 242 2711 377 2775; x_wconf 90' lang='lat' dir='ltr'>modum</span> <span class='ocrx_word' id='word_1_153' title='bbox 391 2712 489 2776; x_wconf 85' lang='lat' dir='ltr'>hebet</span> <span class='ocrx_word' id='word_1_154' title='bbox 501 2729 608 2794; x_wconf 90' lang='lat' dir='ltr'>neque</span> <span class='ocrx_word' id='word_1_155' title='bbox 622 2711 804 2793; x_wconf 75' lang='lat' dir='ltr'>consilium,</span> <span class='ocrx_word' id='word_1_156' title='bbox 819 2713 942 2777; x_wconf 86' lang='lat' dir='ltr'>ratione</span> <span class='ocrx_word' id='word_1_157' title='bbox 956 2711 1117 2794; x_wconf 89' lang='lat' dir='ltr'>modoque</span> 
     </span>
     <span class='ocr_line' id='line_1_25' title="bbox 156 2809 1130 2895; baseline 0 -21"><span class='ocrx_word' id='word_1_158' title='bbox 156 2810 308 2874; x_wconf 78' lang='lat' dir='ltr'>&#39;l&#39;rsctari</span> <span class='ocrx_word' id='word_1_159' title='bbox 321 2828 388 2874; x_wconf 89' lang='lat' dir='ltr'>non</span> <span class='ocrx_word' id='word_1_160' title='bbox 402 2809 482 2875; x_wconf 83' lang='lat' dir='ltr'>vult</span> <span class='ocrx_word' id='word_1_161' title='bbox 525 2810 566 2875; x_wconf 89' lang='lat' dir='ltr'>In</span> <span class='ocrx_word' id='word_1_162' title='bbox 579 2829 688 2875; x_wconf 85' lang='lat' dir='ltr'>emere</span> <span class='ocrx_word' id='word_1_163' title='bbox 701 2811 784 2875; x_wconf 80' lang='lat' dir='ltr'>haec</span> <span class='ocrx_word' id='word_1_164' title='bbox 798 2820 875 2874; x_wconf 88' lang='lat' dir='ltr'>sunt</span> <span class='ocrx_word' id='word_1_165' title='bbox 888 2810 985 2889; x_wconf 78' lang='lat' dir='ltr'>mele,</span> <span class='ocrx_word' id='word_1_166' title='bbox 1000 2810 1130 2895; x_wconf 85' lang='lat' dir='ltr'>bellum,</span> 
     </span>
     <span class='ocr_line' id='line_1_26' title="bbox 157 2909 1032 2994; baseline 0.001 -20"><span class='ocrx_word' id='word_1_167' title='bbox 157 2910 230 2974; x_wconf 78' lang='lat' dir='ltr'>Pur</span> <span class='ocrx_word' id='word_1_168' title='bbox 245 2929 394 2974; x_wconf 88' lang='lat' dir='ltr'>rursum:</span> <span class='ocrx_word' id='word_1_169' title='bbox 414 2909 498 2974; x_wconf 78' lang='lat' dir='ltr'>lisso</span> <span class='ocrx_word' id='word_1_170' title='bbox 511 2910 541 2974; x_wconf 89' lang='lat' dir='ltr'>si</span> <span class='ocrx_word' id='word_1_171' title='bbox 553 2910 629 2993; x_wconf 87' lang='lat' dir='ltr'>quis</span> <span class='ocrx_word' id='word_1_172' title='bbox 643 2910 843 2994; x_wconf 78' lang='lat' dir='ltr'>tempestatis</span> <span class='ocrx_word' id='word_1_173' title='bbox 857 2929 953 2994; x_wconf 88' lang='lat' dir='ltr'>prope</span> <span class='ocrx_word' id='word_1_174' title='bbox 967 2911 1032 2975; x_wconf 88' lang='lat' dir='ltr'>ritu</span> 
     </span>
     <span class='ocr_line' id='line_1_27' title="bbox 156 3008 861 3074; baseline -0.003 0"><span class='ocrx_word' id='word_1_175' title='bbox 156 3008 292 3074; x_wconf 67' lang='lat' dir='ltr'>nobilia</span> <span class='ocrx_word' id='word_1_176' title='bbox 306 3023 340 3071; x_wconf 87' lang='lat' dir='ltr'>et</span> <span class='ocrx_word' id='word_1_177' title='bbox 351 3028 450 3074; x_wconf 75' lang='lat' dir='ltr'>caece</span> <span class='ocrx_word' id='word_1_178' title='bbox 463 3008 627 3074; x_wconf 74' lang='lat' dir='ltr'>fluitantis</span> <span class='ocrx_word' id='word_1_179' title='bbox 639 3019 726 3073; x_wconf 86' lang='lat' dir='ltr'>sorte</span> <span class='ocrx_word' id='word_1_180' title='bbox 740 3009 861 3073; x_wconf 79' lang='lat' dir='ltr'>laboret</span> 
     </span>
    </p>

    <p class='ocr_par' dir='ltr' id='par_1_14' title="bbox 156 3092 1268 3290">
     <span class='ocr_line' id='line_1_28' title="bbox 157 3092 1268 3192; baseline 0.002 -20"><span class='ocrx_word' id='word_1_181' title='bbox 157 3108 306 3172; x_wconf 83' lang='lat' dir='ltr'>Reddere</span> <span class='ocrx_word' id='word_1_182' title='bbox 320 3119 408 3172; x_wconf 84' lang='lat' dir='ltr'>certe</span> <span class='ocrx_word' id='word_1_183' title='bbox 421 3108 491 3189; x_wconf 86' lang='lat' dir='ltr'>sibi,</span> <span class='ocrx_word' id='word_1_184' title='bbox 506 3108 609 3173; x_wconf 87' lang='lat' dir='ltr'>nihilo</span> <span class='ocrx_word' id='word_1_185' title='bbox 623 3108 697 3191; x_wconf 89' lang='lat' dir='ltr'>plus</span> <span class='ocrx_word' id='word_1_186' title='bbox 711 3108 857 3192; x_wconf 79' lang='lat' dir='ltr'>explicet,</span> <span class='ocrx_word' id='word_1_187' title='bbox 873 3128 912 3173; x_wconf 83' lang='lat' dir='ltr'>ec</span> <span class='ocrx_word' id='word_1_188' title='bbox 926 3109 955 3173; x_wconf 88' lang='lat' dir='ltr'>si</span> <span class='ocrx_word' id='word_1_189' title='bbox 1108 3108 1174 3174; x_wconf 69' lang='lat'>27⁰</span> <span class='ocrx_word' id='word_1_190' title='bbox 1264 3092 1268 3105; x_wconf 59' lang='lat'><strong><em>⁹</em></strong></span> 
     </span>
     <span class='ocr_line' id='line_1_29' title="bbox 156 3207 828 3290; baseline 0 -19"><span class='ocrx_word' id='word_1_191' title='bbox 156 3208 306 3271; x_wconf 84' lang='lat' dir='ltr'>Insaniro</span> <span class='ocrx_word' id='word_1_192' title='bbox 319 3218 409 3290; x_wconf 83' lang='lat' dir='ltr'>prust</span> <span class='ocrx_word' id='word_1_193' title='bbox 422 3217 510 3272; x_wconf 79' lang='lat' dir='ltr'>certe</span> <span class='ocrx_word' id='word_1_194' title='bbox 523 3208 646 3272; x_wconf 83' lang='lat' dir='ltr'>ratione</span> <span class='ocrx_word' id='word_1_195' title='bbox 659 3207 828 3290; x_wconf 89' lang='lat' dir='ltr'>modoque.</span> 
     </span>
    </p>

    <p class='ocr_par' dir='ltr' id='par_1_15' title="bbox 155 3306 950 3391">
     <span class='ocr_line' id='line_1_30' title="bbox 155 3306 950 3391; baseline -0.005 -16"><span class='ocrx_word' id='word_1_196' title='bbox 155 3307 259 3388; x_wconf 81' lang='lat' dir='ltr'>Quid,</span> <span class='ocrx_word' id='word_1_197' title='bbox 273 3327 352 3372; x_wconf 91' lang='lat' dir='ltr'>cum</span> <span class='ocrx_word' id='word_1_198' title='bbox 365 3307 495 3391; x_wconf 79' lang='lat' dir='ltr'>Picenis</span> <span class='ocrx_word' id='word_1_199' title='bbox 507 3327 683 3391; x_wconf 82' lang='lat' dir='ltr'>excerpens</span> <span class='ocrx_word' id='word_1_200' title='bbox 697 3308 823 3371; x_wconf 83' lang='lat' dir='ltr'>semine</span> <span class='ocrx_word' id='word_1_201' title='bbox 837 3306 950 3389; x_wconf 86' lang='lat' dir='ltr'>pomis,</span> 
     </span>
    </p>

    <p class='ocr_par' dir='ltr' id='par_1_16' title="bbox 157 3405 1006 3491">
     <span class='ocr_line' id='line_1_31' title="bbox 157 3405 1006 3491; baseline 0 -21"><span class='ocrx_word' id='word_1_202' title='bbox 157 3406 299 3486; x_wconf 80' lang='lat' dir='ltr'>Gaudes,</span> <span class='ocrx_word' id='word_1_203' title='bbox 315 3407 343 3472; x_wconf 88' lang='lat' dir='ltr'>si</span> <span class='ocrx_word' id='word_1_204' title='bbox 357 3426 521 3473; x_wconf 77' lang='lat' dir='ltr'>cameram</span> <span class='ocrx_word' id='word_1_205' title='bbox 533 3407 673 3491; x_wconf 89' lang='lat' dir='ltr'>percusti</span> <span class='ocrx_word' id='word_1_206' title='bbox 687 3406 774 3487; x_wconf 88' lang='lat' dir='ltr'>sorte,</span> <span class='ocrx_word' id='word_1_207' title='bbox 789 3424 888 3490; x_wconf 89' lang='lat' dir='ltr'>penes</span> <span class='ocrx_word' id='word_1_208' title='bbox 902 3415 934 3468; x_wconf 91' lang='lat' dir='ltr'>te</span> <span class='ocrx_word' id='word_1_209' title='bbox 947 3405 1006 3470; x_wconf 73' lang='lat' dir='ltr'>esi</span> 
     </span>
    </p>

    <p class='ocr_par' dir='ltr' id='par_1_17' title="bbox 156 3503 933 3588">
     <span class='ocr_line' id='line_1_32' title="bbox 156 3503 933 3588; baseline -0.012 -12"><span class='ocrx_word' id='word_1_210' title='bbox 156 3506 258 3588; x_wconf 71' lang='lat' dir='ltr'>Quid,</span> <span class='ocrx_word' id='word_1_211' title='bbox 273 3525 354 3571; x_wconf 89' lang='lat' dir='ltr'>cum</span> <span class='ocrx_word' id='word_1_212' title='bbox 367 3505 465 3570; x_wconf 81' lang='lat' dir='ltr'>belbe</span> <span class='ocrx_word' id='word_1_213' title='bbox 478 3506 554 3570; x_wconf 84' lang='lat' dir='ltr'>feris</span> <span class='ocrx_word' id='word_1_214' title='bbox 566 3525 690 3571; x_wconf 80' lang='lat' dir='ltr'>annoso</span> <span class='ocrx_word' id='word_1_215' title='bbox 704 3507 804 3569; x_wconf 83' lang='lat' dir='ltr'>verba</span> <span class='ocrx_word' id='word_1_216' title='bbox 816 3503 933 3587; x_wconf 75' lang='lat' dir='ltr'>peleto,</span> 
     </span>
    </p>
   </div>
   <div class='ocr_carea' id='block_1_4' title="bbox 347 3748 985 3893">
    <p class='ocr_par' dir='ltr' id='par_1_18' title="bbox 347 3748 985 3893">
     <span class='ocr_line' id='line_1_33' title="bbox 347 3748 985 3814; baseline 0.003 -13"><span class='ocrx_word' id='word_1_217' title='bbox 347 3748 406 3802; x_wconf 60' lang='grc' dir='ltr'>Ἀθ.</span> <span class='ocrx_word' id='word_1_218' title='bbox 422 3751 642 3802; x_wconf 71' lang='lat' dir='ltr'>num-mutii</span> <span class='ocrx_word' id='word_1_219' title='bbox 706 3750 765 3802; x_wconf 76' lang='lat'><strong>2⁵9.</strong></span> <span class='ocrx_word' id='word_1_220' title='bbox 781 3750 985 3814; x_wconf 69' lang='lat' dir='ltr'>opetonllin</span> 
     </span>
     <span class='ocr_line' id='line_1_34' title="bbox 517 3828 820 3893; baseline 0 -10"><span class='ocrx_word' id='word_1_221' title='bbox 517 3829 576 3883; x_wconf 61' lang='lat' dir='ltr'>m</span> <span class='ocrx_word' id='word_1_222' title='bbox 594 3828 820 3893; x_wconf 64' lang='lat' dir='ltr'>linonicum</span> 
     </span>
    </p>
   </div>
   <div class='ocr_carea' id='block_1_5' title="bbox 0 0 1433 4342">
    <p class='ocr_par' dir='ltr' id='par_1_19' title="bbox 0 0 1433 4342">
     <span class='ocr_line' id='line_1_35' title="bbox 0 0 1433 4342; baseline 0 0"><span class='ocrx_word' id='word_1_223' title='bbox 0 0 1433 4342; x_wconf 95' lang='lat' dir='ltr'> </span> 
     </span>
    </p>
   </div>
  </div>
 </body>
</html>
