2842 4342
268 352 336 425 196
664 362 879 413 sarmatam!

265 526 429 609 Expressa
443 523 574 588 arbusto
588 520 703 604 regerit
716 520 874 600 convicia,
890 519 994 582 durus

264 624 482 705 liudemiator
495 632 528 685 et
541 621 690 700 invictus,
704 619 760 683 cui
774 638 869 701 saepe
883 619 987 681 viator
1243 619 1292 683 30

264 725 429 803 Cessisset,
445 741 567 804 magna
580 718 779 801 compellans
793 737 873 781 voce
887 718 1052 780 cuculum„

265 825 310 888 At
322 824 475 901 Graecus,
490 829 663 903 postquam
676 828 726 881 est
739 816 822 881 Italo
836 815 984 899 perfusus
998 824 1097 895 aceto,

265 920 396 987 Persius
410 919 590 983 exclamat:
612 917 675 981 Per
687 934 833 998 magnos,
849 915 956 994 Brute,
971 914 1049 978 deos
1064 922 1095 977 te

267 1021 351 1087 Oro!
375 1020 432 1103 qui
447 1037 537 1102 reges
551 1015 715 1080 consueris
731 1014 848 1096 tollere,
863 1034 922 1079 cur
935 1034 1003 1079 non

267 1122 365 1187 Hunc
379 1120 502 1202 Regem
511 1115 668 1203 jugulas?
703 1115 847 1198 Operum
861 1115 931 1194 hoc,
944 1114 1024 1178 mihi
1038 1113 1140 1196 crede,
1153 1124 1290 1179 tuorum

392 1227 448 1281 est
1242 1214 1290 1278 35

637 1835 799 1898 sauma
828 1834 921 1896 VIII.

352 2060 441 2126 otim
455 2071 589 2125 truncus
602 2079 692 2124 eram
706 2059 858 2139 ficulnus
873 2059 987 2123 inutile
1002 2058 1138 2142 lignum,

310 2160 398 2224 Cum
411 2159 508 2242 saber,
522 2161 664 2224 incertus
678 2179 850 2223 scamnum
864 2157 1023 2222 faceretne
1037 2159 1200 2242 Priapum,

311 2259 429 2322 Maluit
442 2278 513 2322 esse
527 2258 635 2324 denus
680 2259 771 2323 Deus
786 2258 862 2322 inde
875 2277 944 2341 ego,
959 2257 1070 2321 furum
1084 2259 1264 2341 aviumque

310 2358 459 2422 Maxima
472 2357 626 2423 formido:
649 2378 727 2423 nam
742 2357 829 2422 iures
843 2357 957 2422 dextra
971 2368 1094 2421 coercet

310 2458 542 2541 Obseoenoque
557 2460 650 2523 ruber
664 2468 826 2540 porrectus
841 2458 883 2521 ab
897 2459 1029 2541 inguine
1043 2457 1155 2541 palus:
1263 2461 1287 2522 ὅ

309 2559 370 2621 Ast
383 2557 583 2640 importunas
598 2558 745 2622 volucres
760 2557 794 2621 in
809 2558 926 2621 vertice
940 2557 1064 2621 arundo

308 2656 424 2720 Terret
438 2657 506 2721 fixa
520 2669 672 2740 vetatque
687 2658 783 2720 novis
797 2657 961 2721 considero
975 2659 1009 2721 in
1024 2658 1132 2720 hortis.

308 2755 385 2819 Huc
398 2757 487 2838 prius
502 2758 649 2839 angustis
662 2758 764 2840 ejecta
777 2755 938 2821 cadavera
951 2756 1041 2819 cellis

309 2856 492 2920 Conservus
507 2856 563 2919 vili
578 2856 735 2938 portanda
749 2857 876 2921 locabat
891 2858 925 2920 in
939 2877 1023 2919 area

307 2954 379 3017 Hoc
394 2955 529 3019 miserae
543 2956 629 3038 plebi
643 2956 750 3019 stabat
764 2976 936 3019 commune
951 2956 1145 3039 sepulcrum,
1242 2957 1288 3019 10

309 3052 486 3119 Pantolabo
501 3074 628 3118 scurrae
643 3055 912 3137 Nomentanoque
928 3056 1042 3138 nepoti.

307 3152 398 3216 Mille
412 3152 510 3236 pedes
524 3154 558 3217 in
572 3151 683 3233 fronte,
699 3165 855 3218 trecentos
870 3155 983 3237 cippus
997 3154 1032 3217 in
1046 3172 1162 3236 agrum

306 3251 370 3316 Hic
384 3250 491 3332 dabat,
507 3251 640 3316 heredes
654 3264 903 3317 monumentum
918 3273 959 3316 ne
974 3262 1167 3334 sequeretur.

306 3350 403 3414 Nunc
419 3351 492 3415 licet
507 3351 663 3433 Esquiliis
678 3352 824 3415 habitare
839 3352 1029 3429 salubribus,
1045 3363 1143 3433 atque

306 3450 431 3533 Aggere
446 3452 480 3515 iu
495 3452 602 3534 aprico
616 3452 756 3535 spatiari,
771 3471 837 3534 quo
852 3452 948 3515 modo
964 3452 1067 3514 tristes
1240 3451 1283 3513 15

305 3548 397 3612 Albis
412 3548 581 3614 informem
596 3552 785 3634 spectabant
799 3552 926 3614 ossibus
941 3570 1073 3633 agrum3

305 3648 391 3711 Cum
405 3648 486 3712 mihi
500 3667 565 3712 non
581 3660 708 3714 tanturn
723 3649 873 3733 furesque
888 3649 1037 3731 seraeque
1052 3660 1161 3711 suetae

359 3842 399 3893 ³1.
416 3844 541 3894 cucullum.
607 3848 648 3897 34.
665 3852 791 3898 comesti
859 3850 885 3899 8.
897 3851 946 3898 viii.
960 3850 983 3897 l.
1001 3846 1178 3909 firsmrleoasrj.
