2842 4342
507 361 665 413 umnec
716 363 854 413 nrm
1109 345 1181 425 257

210 522 330 601 Durus,
345 518 400 599 eit,
414 517 532 599 Vultei,
547 518 645 582 nimis
659 528 865 602 attentusque
879 518 997 585 videris

208 622 293 685 Esse
308 616 508 697 mihi—Pol,
523 618 753 698 mammarum,
768 628 908 701 patrone,
923 640 1063 702 vocares,

208 717 369 798 Similes,
384 717 499 799 inquit,
514 736 629 781 verum
642 717 725 780 mihi
738 736 855 801 ponere
869 737 995 784 nornen.

207 817 310 890 Qnrtd
325 827 356 881 te
370 837 426 901 per
440 817 582 880 Genium
595 816 811 900 dextramque
825 818 966 901 deosque
980 820 1118 884 Penates

210 918 352 982 Obsecro
367 926 398 979 et
413 916 557 997 obtestor,
573 915 659 979 vitae
674 935 727 979 me
741 916 838 980 redde
852 918 947 1001 priori
958 918 1010 982 i-
1139 921 1181 985 95

209 1018 280 1087 Qui
294 1014 394 1080 semel
409 1014 565 1099 adspexit,
580 1024 740 1097 quantum
755 1015 889 1081 dimissa
902 1018 1008 1101 petitia

209 1116 385 1195 Praestent,
401 1124 526 1178 mature
541 1113 650 1178 redeat
662 1125 847 1199 repetatque
861 1117 980 1180 relicta

209 1213 316 1278 Metiri
329 1233 366 1277 se
379 1231 540 1297 quemque
555 1231 616 1276 suo
629 1212 762 1278 modulo
775 1234 815 1279 ac
829 1214 910 1299 pede
925 1234 1040 1280 verum
1053 1224 1110 1279 est.

614 1546 733 1562 —

506 1823 721 1888 EPISTOLA
749 1824 844 1886 vm.
889 1810 890 1813 ¹

343 2021 400 2066 AD
429 2022 611 2067 CELSUM
641 2021 1003 2066 ALBINOVANUM.

208 2197 306 2262 Celso
319 2198 459 2280 gaudere
473 2209 504 2262 et
519 2201 600 2263 bene
614 2219 682 2263 rem
696 2219 803 2283 gerere
817 2198 1029 2280 Albinovano,

166 2297 265 2361 Musa
279 2307 390 2379 rogata
403 2297 492 2378 refer,
507 2298 616 2362 comiti
630 2299 817 2381 scribaeque
831 2299 977 2364 Neronis.

165 2395 203 2460 si
215 2405 349 2478 quaeret
362 2395 441 2478 quid
455 2415 561 2479 agam,
577 2396 638 2476 dic,
653 2396 758 2460 multa
770 2408 803 2460 et
816 2397 953 2481 pulchra
967 2397 1147 2462 minantem

170 2495 283 2558 Vivere
297 2514 357 2557 uec
370 2505 454 2558 recte
468 2515 528 2559 nec
543 2496 701 2559 suaviter:
725 2494 824 2576 haud,
839 2496 918 2579 quia
931 2495 1054 2577 grando

167 2592 355 2657 Contuderit
369 2593 460 2674 vites,
475 2594 621 2658 oleamve
636 2594 841 2658 momorderit
855 2604 974 2674 aestus,
1157 2595 1178 2657 5
1209 2578 1220 2602 ⁹

166 2691 235 2756 Nec
249 2693 328 2774 quia
341 2692 526 2776 longinquis
540 2703 724 2758 armentum
738 2704 878 2777 aegrotet
891 2693 926 2756 in
941 2692 1045 2775 agris;

165 2790 232 2855 sed
245 2792 324 2872 quia
337 2800 444 2856 mente
458 2792 568 2856 minus
581 2791 711 2856 validus
725 2811 827 2874 quam
840 2809 968 2874 corpore
983 2800 1056 2871 toto,

166 2888 224 2953 Nil
238 2890 351 2954 audire
364 2891 472 2972 velim
486 2891 535 2955 nil
549 2890 680 2972 discere,
694 2890 782 2974 quod
796 2889 881 2953 levet
894 2908 1046 2972 aegrum3

166 2989 258 3053 Fidis
272 2989 416 3053 offendar
431 2990 572 3071 medicis,
588 2991 707 3055 irascar
721 2989 842 3070 amicis,

166 3087 905 3173 Curmefunestoproperentarcerevetern03
1138 3086 1179 3150 10

165 3187 265 3258 Quae
279 3206 417 3252 nocuere
432 3207 567 3272 sequa13
588 3172 717 3272 ingiam
730 3208 815 3270 quae
830 3186 953 3272 profore
967 3186 1115 3251 credam:

164 3285 290 3349 Romae
303 3286 409 3351 Tibur
423 3306 532 3352 amem
545 3299 708 3367 ventosus,
724 3287 848 3352 Tibure
862 3286 1010 3350 Romam.

164 3383 242 3447 Post
255 3385 345 3465 baec,
361 3395 399 3449 ut
412 3386 529 3467 valeat,
545 3404 611 3469 quo
624 3396 719 3469 pacto
733 3405 801 3449 rem
815 3393 905 3468 gerat
918 3393 950 3448 et
963 3404 1006 3465 se,

166 3481 210 3547 Ut
224 3483 351 3566 placeat
360 3485 484 3568 juveni,
499 3495 692 3568 percontare,
708 3494 810 3565 utque
824 3483 956 3547 cohorti.

163 3581 308 3661 Sidicet,
323 3582 441 3647 Recte:
463 3584 605 3667 primum
619 3581 767 3666 gaudere,
783 3580 921 3646 subinde
1137 3582 1177 3646 15

164 3679 377 3764 Praeceptum
390 3683 545 3746 auriculis
558 3683 620 3747 hoc
635 3682 789 3747 instillare
802 3693 982 3748 memento:

167 3779 208 3847 Ut
222 3791 259 3845 tu
273 3779 446 3863 sonunem,
462 3782 508 3845 sic
523 3802 582 3845 noe
597 3792 637 3864 te,
653 3780 757 3863 Celae,
772 3781 921 3848 feremus.
