2842 4342
675 326 873 379 onumen
937 322 939 326 ⁴

437 489 566 553 Poenus
580 485 787 569 perhorrescit
799 502 906 567 neque
920 485 1005 547 ultra
1243 484 1282 547 15

480 586 588 651 Caeca
602 587 693 649 timet
706 582 838 647 aliunde
852 581 938 664 sata3

394 783 490 849 Miles
504 782 638 864 sagittas
651 790 685 845 et
697 780 833 844 celerem
846 777 962 862 fugam

394 881 514 962 Parthi,
529 891 662 944 catenas
676 880 817 944 Parthus
831 887 865 941 et
877 877 999 942 Italum

435 981 546 1045 Rebur
557 1001 566 1062 3
588 979 646 1043 sed
659 978 834 1061 improvisa
847 976 903 1041 leti

477 1080 535 1145 Vis
548 1079 654 1162 rapuit
667 1078 832 1160 rapietque
846 1085 966 1160 gentes.
1238 1072 1280 1133 20

393 1278 507 1347 Quam
521 1294 623 1358 paene
637 1274 751 1338 furvae
765 1293 865 1358 regna
879 1272 1087 1356 Proserpinae

394 1376 440 1440 Et
448 1374 647 1459 judicantem
661 1373 804 1437 vidimus
818 1374 974 1452 Aeacum,

435 1473 599 1555 sedesque
614 1472 767 1536 discretas
781 1472 916 1555 piorum,
931 1479 965 1533 et

477 1571 597 1635 Aeoliis
611 1569 731 1635 fidibus
745 1580 934 1653 querentem
969 1608 972 1613 <

392 1768 524 1853 Sappho
538 1767 653 1852 puellis
667 1766 707 1831 de
721 1766 937 1851 popularibus,

392 1869 437 1933 Et
451 1879 482 1932 te
496 1877 665 1931 sonantem
679 1866 806 1950 plenius
820 1884 925 1945 auree,

433 1967 561 2047 Alcaee,
575 1966 694 2050 plectro
708 1965 790 2029 dura
803 1965 906 2044 navis,

476 2066 569 2129 Dura
582 2064 679 2150 fugae
694 2064 791 2144 mala,
807 2063 889 2127 dura
903 2061 978 2126 belli
992 2061 1001 2125 l

390 2262 573 2343 Utrumque
588 2280 678 2324 sacro
693 2259 794 2343 digna
808 2259 933 2323 silentio

391 2361 551 2426 Mirantur
563 2360 696 2423 umbrae
710 2358 833 2442 dicere3
856 2358 914 2422 scd
928 2357 1033 2442 magis

431 2460 564 2542 Pugnas
578 2467 611 2521 et
622 2467 754 2522 exactos
769 2468 923 2541 tyrannos

473 2557 624 2621 Densum
636 2556 780 2620 humeris
793 2556 875 2621 bibit
887 2574 965 2620 aure
978 2553 1108 2639 vulgus.

391 2752 484 2824 Quid
498 2753 625 2835 mirum,
640 2753 696 2817 ubi
710 2752 775 2817 illis
788 2752 986 2817 carminibus
1000 2761 1133 2836 stupens

390 2852 539 2916 Demittit
553 2862 639 2916 atras
653 2851 762 2916 bellua
775 2852 936 2935 centiceps

431 2952 544 3031 Aures,
560 2960 592 3014 et
606 2951 713 3014 intorti
726 2950 852 3034 capillis

474 3048 696 3113 Eumenidum
709 3055 893 3111 recreantur
906 3046 1058 3130 angues?

390 3245 484 3316 Quin
497 3253 530 3306 et
542 3241 751 3307 Prometheus
766 3251 798 3304 et
810 3239 938 3323 Pelopis
952 3258 1069 3323 parens

390 3343 489 3407 Dulci
503 3343 651 3407 laborum
664 3339 821 3423 decipitur
834 3358 931 3422 s0u03

432 3440 502 3505 Nec
515 3451 607 3505 curat
622 3440 721 3505 Orion
735 3439 844 3502 leones

473 3541 542 3603 Aut
556 3540 684 3605 timidos
698 3539 819 3625 agitare
832 3538 958 3621 lyncas.

434 3735 475 3786 2³.
492 3735 629 3800 uulpem
645 3735 785 3797 descriptus.
932 3736 973 3787 38.
989 3735 1105 3787 labem
