2842 4342
453 319 601 390 300
1104 330 1828 383 mmmmm.

534 491 927 556 Mandeutur
944 489 1175 573 juveni
1203 499 1436 571 partes,
1468 507 1792 571 pueroque
1820 488 2056 566 viriles,

533 591 802 673 Semper
830 589 898 652 in
928 588 1253 672 adjunctis
1281 607 1574 669 aevoque
1603 589 1995 651 morabimur
2023 589 2207 669 aptis.

535 689 669 752 Aut
697 688 913 770 agitur
942 707 1041 750 res
1070 688 1139 750 in
1168 687 1396 767 scenis,
1429 696 1545 768 aut
1574 698 1722 750 acta
1748 686 2030 750 refertur.

535 788 815 871 Segnius
844 787 1093 850 irritant
1120 786 1372 850 animos
1399 785 1685 850 demissa
1713 806 1825 868 per
1851 805 2092 865 aurem,
2363 786 2487 850 18(

535 889 765 958 Quam
792 905 963 968 quae
993 896 1149 949 suut
1174 885 1380 948 oculis
1409 886 1700 968 subjecta
1728 885 2045 964 fidelibus,
2076 896 2142 947 et
2167 904 2338 966 quae

535 989 682 1071 Ipse
711 986 834 1049 sibi
863 984 1057 1049 tradit
1085 995 1420 1068 spectator.
1512 985 1660 1048 Non
1691 995 1909 1047 tamen
1938 986 2115 1048 intus

538 1086 758 1167 Digna
787 1085 919 1166 geri
947 1103 1200 1167 promes
1228 1083 1298 1146 in
1328 1102 1613 1163 scenam,
1643 1083 1980 1164 multaque
2010 1082 2194 1146 tolles

546 1184 648 1247 Ex
677 1183 899 1263 oculis,
929 1201 1099 1264 quae
1128 1201 1286 1246 mox
1315 1193 1532 1246 narret
1559 1181 1871 1248 facundia
1897 1202 2238 1264 praesens:

538 1281 637 1346 Ne
664 1300 896 1365 pueros
923 1299 1142 1344 coram
1169 1281 1406 1364 populo
1435 1281 1672 1345 Medea
1700 1281 1987 1360 trucidet,
2371 1280 2480 1343 18·

537 1381 672 1444 Aut
698 1382 995 1444 humana
1021 1379 1242 1462 palam
1270 1390 1512 1462 coquat
1538 1392 1694 1445 exta
1720 1379 2005 1445 nefarius
2031 1382 2285 1459 Atreus,

538 1481 672 1544 Aut
700 1481 768 1543 in
797 1498 989 1543 avem
1018 1479 1271 1560 Progne
1280 1486 1604 1560 ‘vertatur‚
1636 1479 1930 1544 Cadmus
1958 1481 2027 1544 in
2056 1495 2362 1563 anguem.

538 1577 999 1659 Quodcunque
1027 1577 1315 1641 ostendis
1342 1579 1509 1642 mihi
1537 1578 1649 1659 sic,
1678 1578 2050 1643 incredulus
2077 1578 2204 1642 odi.

540 1679 721 1741 Neve
748 1677 974 1757 minor,
1004 1694 1136 1740 neu
1164 1677 1249 1740 sit
1274 1677 1505 1759 quinto
1532 1677 1895 1761 productior
1920 1689 2074 1742 actu

542 1776 814 1856 Fabula,
846 1796 1016 1858 quae
1045 1777 1223 1858 posci
1251 1777 1398 1840 vult
1424 1788 1491 1841 et
1518 1788 1807 1860 spectata
1833 1779 2069 1861 reponi.
2369 1777 2465 1841 19·

541 1877 677 1940 Nec
707 1876 870 1940 deus
900 1876 1161 1957 intersit,
1192 1876 1318 1939 nisi
1346 1875 1586 1959 dignus
1613 1877 1875 1941 vindice
1904 1876 2115 1941 nodus

544 1975 862 2055 Inciderig
895 1994 1016 2039 nec
1044 1986 1278 2057 quarta
1308 1975 1487 2057 loqui
1515 1995 1788 2058 persona
1816 1977 2072 2041 laboret.

544 2074 793 2137 Actoris
823 2085 1037 2156 partes
1064 2075 1301 2139 chorus
1329 2075 1752 2156 officiumque
1781 2076 1962 2139 virile

544 2171 883 2253 Defendag
914 2193 1045 2237 neu
1075 2174 1238 2256 quid
1270 2174 1517 2238 medios
1547 2175 1888 2238 intercinat
1915 2185 2115 2253 actus,

543 2268 746 2340 Quod
774 2290 906 2334 non
935 2273 1258 2355 proposito
1285 2273 1614 2337 conducat
1640 2285 1707 2337 et
1732 2275 1995 2337 haereat
2020 2283 2170 2357 apte
2375 2274 2453 2336 19

544 2369 661 2433 Ille
689 2369 874 2433 bonis
901 2369 1252 2454 faveatque
1279 2383 1345 2436 et
1370 2373 1742 2437 consilietur
1769 2375 1993 2452 amice,

543 2468 634 2532 Et
661 2478 841 2550 regat
867 2469 1079 2549 iratos,
1109 2481 1176 2534 et
1201 2481 1378 2534 amet
1407 2491 1669 2553 peccare
1698 2473 2030 2552 timentem

545 2567 663 2631 Ille
692 2567 895 2651 dapes
925 2568 1149 2633 laudet
1176 2589 1442 2634 mensae
1470 2572 1699 2650 brevis,
1731 2571 1840 2634 ille
1870 2571 2194 2634 salubrem

545 2666 874 2731 Iustitiam
902 2667 1206 2750 legesque
1235 2680 1300 2731 et
1328 2670 1564 2751 apertis
1594 2671 1725 2732 otia
1752 2670 1984 2753 portis;

543 2765 662 2829 Ille
692 2776 866 2849 tegat
894 2769 1258 2848 commissa,
1287 2768 1575 2850 deosque
1604 2780 1898 2850 precetur
1924 2779 1990 2832 et
2015 2780 2166 2846 oret,
2366 2767 2451 2830 21»

544 2865 635 2928 Ut
661 2865 880 2930 redeat
906 2867 1174 2948 miseris,
1205 2868 1398 2932 abeat
1425 2867 1685 2931 fortuna
1713 2869 2021 2951 superbis.

542 2964 739 3027 Tibia
768 2983 917 3044 non,
950 2976 1024 3027 ut
1052 2984 1246 3045 nunc,
1278 2968 1601 3030 orichalco
1634 2965 1854 3028 vincta
1882 2971 2201 3042 tubaeque

544 3064 842 3146 Aemula,
872 3065 988 3129 sed
1018 3067 1230 3130 tenuis
1259 3066 1666 3150 simplexque
1691 3069 2006 3130 foramine
2032 3084 2257 3148 pauco,

547 3161 893 3246 Adspirate
921 3174 986 3228 et
1013 3165 1241 3228 adesse
1269 3166 1483 3228 choris
1510 3176 1648 3228 erat
1674 3164 1869 3245 utilis,
1901 3175 2095 3246 atque

548 3260 858 3326 Nondum
887 3263 1094 3347 spissa
1121 3263 1316 3328 nimis
1343 3264 1665 3346 complere
1695 3264 1925 3328 sedilia
1952 3263 2151 3327 flatu:
2366 3263 2432 3326 2(
2525 3353 2540 3361 -

548 3357 765 3422 auc-2..
736 3382 889 3422 ιιιιιιι,
925 3386 1001 3442 [ιι-ι
1007 3366 1197 3442 pultis
1233 3364 1666 3444 numerabilia
1697 3374 1916 3447 utpote
1944 3383 2200 3446 parvus,

486 3450 640 3534 Est
668 3454 837 3538 frugi
865 3474 1213 3542 ιιιιιιιιᾳιιι
1249 3461 1780 3545 ιιιιιιιιιᾶιιεᾳιιθ
1808 3463 2037 3526 coibat.

496 3538 905 3630 Umquam
937 3562 1186 3642 coepit
1169 3582 1353 3642 ιιξιιιι
1385 3560 1729 3626 extendere
1758 3561 1978 3640 victor,
2010 3572 2077 3624 et
2102 3560 2329 3624 urbem

829 3778 941 3830 137.
973 3798 1145 3842 pacare
1169 3798 1425 3846 ιιι-ιιιιιιιιι,
1449 3791 1683 3842 mutue.
1812 3789 1931 3840 202·
1958 3791 2138 3852 lna
