2842 4342
506 354 665 405 muni.
714 352 817 406 evi
1104 333 1173 406 191

156 517 242 582 Ante
255 520 447 597 potestatem
461 510 556 575 'Pulli
569 521 667 594 etque
681 511 822 595 ignobile
836 529 973 595 regnum

158 615 281 681 nultos
294 630 392 695 saepe
406 611 492 674 viros
506 610 607 674 nullis
620 611 795 694 majoribus
808 621 892 674 ortos
1136 608 1177 673 10

157 715 206 780 Et
219 713 340 777 vixisse
355 712 479 795 probos,
494 710 611 793 amplis
625 720 658 773 et
670 710 846 773 honoribus
861 719 991 792 auotos3

160 815 281 878 Contra
294 811 488 890 Laevinum,
503 809 610 873 Valeri
624 828 737 892 genus,
753 806 841 871 unde
855 809 1022 892 Superbus

160 911 364 994 Tarquinius
382 928 481 993 regno
495 907 609 991 pulsus
623 906 716 989 sugit,
732 908 832 971 unius
847 908 929 971 assis

161 1011 238 1077 Nou
252 1028 400 1091 unquam
414 1009 513 1091 pretio
526 1006 627 1090 pluris
642 1006 780 1086 licuisse,
796 1017 928 1083 notente

162 1109 286 1187 lodice,
302 1126 368 1190 quo
381 1107 474 1186 nosti,
490 1106 616 1188 populo,
631 1106 689 1188 qui
703 1105 823 1169 stultus
837 1107 974 1170 honores
1141 1106 1181 1170 15

161 1210 267 1290 Saepe
280 1205 339 1269 det
352 1204 495 1288 indiguis
509 1215 542 1267 et
556 1204 664 1269 samse
678 1203 776 1267 servit
790 1206 927 1287 ineptus,

162 1304 235 1377 Qui
249 1316 356 1388 stupet
368 1305 404 1369 in
418 1304 520 1368 titulis
533 1313 566 1367 et
580 1303 785 1387 imaginibus.
828 1303 922 1374 Quid
935 1313 1057 1387 oportet

164 1406 234 1471 Nos
247 1404 360 1483 faeere,
375 1403 510 1486 evulgo
524 1403 619 1485 longe
633 1402 792 1486 longeque
807 1404 966 1468 remotosl

163 1504 317 1585 Namque
330 1513 407 1581 esto,
421 1502 561 1585 populns
575 1502 722 1565 Laevino
735 1501 849 1564 mallet
862 1502 1025 1583 honorem,

164 1604 279 1673 Quem
293 1601 396 1665 Decio
410 1600 566 1664 mundare
580 1619 674 1680 novo,
689 1619 866 1682 censorque
881 1611 1024 1665 moveret
1044 1598 1061 1609 ’
1139 1600 1182 1664 20

164 1702 299 1785 Appius
315 1701 456 1783 ingenuo
469 1700 498 1763 si
512 1719 578 1763 non
591 1718 697 1763 essem
711 1710 800 1783 patre
813 1710 930 1763 natus:

165 1801 225 1865 Vel
239 1800 360 1878 merito,
375 1800 531 1880 quoniam
544 1799 578 1862 in
593 1799 719 1882 propria
733 1818 804 1879 non¹
814 1798 897 1881 pelle
911 1798 1082 1881 quiessem.

165 1899 231 1964 Sed
246 1898 390 1981 fulgente
404 1898 502 1962 trabit
515 1898 702 1963 constrictos
717 1899 818 1980 gloria
831 1916 928 1961 curru

166 1998 242 2062 Non
254 1999 366 2063 minus
380 1998 506 2081 ignotos
520 1998 689 2080 generosis.
733 1999 813 2068 Quo
827 1997 892 2077 tibi,
907 1996 997 2076 Tilli,

167 2098 303 2162 Sumere
317 2096 499 2180 depositum
512 2096 645 2161 olavum
659 2096 793 2180 fierique
808 2096 960 2161 tribuno?
1082 2112 1095 2135 ⁴
1140 2095 1184 2160 25

167 2195 298 2260 Invidia
311 2196 459 2275 secrevit,
473 2196 598 2278 privato
612 2215 698 2278 queo
713 2196 818 2261 minor
831 2207 924 2259 esset.

167 2294 255 2359 Nem
269 2293 458 2376 utquisque
472 2295 609 2358 insanus
623 2295 725 2377 nigris
739 2294 885 2359 medium
898 2294 1044 2378 impediit
1057 2313 1133 2357 orus

167 2392 312 2456 Pellibus
325 2402 358 2455 et
371 2391 474 2456 letum
488 2392 617 2457 demisit
630 2403 756 2476 pectore
770 2393 910 2474 olavum,

167 2490 270 2554 Audit
283 2492 451 2555 continuo:
473 2492 560 2562 Quis
574 2493 672 2556 homo
685 2493 740 2556 hio
754 2492 827 2556 est?
868 2494 948 2563 Quo
962 2503 1051 2574 petre
1066 2491 1184 2555 natus?

168 2590 214 2655 Ut
228 2591 257 2653 si
270 2590 328 2671 qui
342 2600 483 2673 aegrotet
496 2610 562 2673 quo
576 2592 686 2655 morbo
700 2592 828 2671 Barrus,
843 2591 956 2656 heberi
1143 2589 1186 2653 30

167 2689 213 2753 Ut
226 2689 337 2771 cupiet
350 2688 517 2770 formosus,
533 2699 586 2754 eat
599 2710 804 2773 quecunque,
819 2691 934 2773 puellis

167 2787 296 2871 lnjioiat
309 2806 422 2851 curem
435 2788 611 2869 quaerendi
626 2789 763 2872 singula,
779 2790 870 2871 quali

167 2886 219 2950 su
231 2884 323 2966 facie,
338 2906 422 2966 sure,
437 2887 528 2969 quali
542 2886 632 2971 pede,
647 2888 752 2968 dente,
767 2888 901 2971 capillo:

167 2984 225 3050 ste
238 2985 296 3067 qui
310 2986 464 3068 promittit
476 2987 573 3067 eires,
592 2987 714 3055 Urbem
728 2988 789 3050 sibi
803 3006 909 3066 curse,

168 3082 346 3165 Imperium
361 3083 425 3147 sore
439 3094 472 3147 et
486 3084 616 3148 ltaliam
630 3097 662 3148 et
676 3084 811 3150 delubra
825 3086 967 3165 deorum,
1145 3081 1188 3146 35

168 3181 248 3250 Quo
261 3192 351 3264 petro
365 3183 408 3245 sit
420 3193 527 3264 nunu,
542 3203 624 3248 num
638 3185 749 3267 ignote
764 3195 865 3249 matre
881 3185 1078 3263 inhonestus,

169 3278 294 3343 Omnes
309 3282 459 3345 mortales
472 3302 585 3347 curare
599 3294 631 3346 et
644 3303 796 3366 quaerere
810 3284 948 3366 cogit-

168 3378 278 3459 Tune,
294 3379 378 3462 Syri,
394 3382 529 3463 Damae,
544 3393 604 3446 aut
617 3384 757 3466 Dionysi
773 3383 869 3461 filius,
885 3381 987 3445 sudes

171 3476 316 3563 Dejioere
329 3499 348 3543 e
363 3499 443 3544 saxo
457 3483 546 3546 cives
560 3492 618 3546 aut
633 3483 758 3547 tradere
773 3481 899 3546 Cadmo
907 3480 966 3543 l·-

289 3662 328 3712 13.
345 3662 428 3725 pulsus
437 3663 489 3715 fuit.
557 3666 595 3717 15.
611 3682 683 3730 quem
694 3668 767 3717 nosti.
835 3664 874 3717 18.
891 3665 963 3729 longe
975 3663 1080 3728 isteque.

226 3740 270 3793 Ἃ.
286 3743 419 3794 minum
484 3746 525 3796 29.
542 3746 592 3806 hio,
602 3757 644 3797 eut
656 3763 719 3809 qn03
734 3747 784 3805 bie,
793 3757 818 3796 et
829 3762 883 3808 quo.
948 3747 988 3797 ³1.
1006 3746 1040 3797 Et
1050 3742 1139 3809 calist

541 3829 582 3878 ³⁵.
601 3828 706 3880 Italiam.
717 3829 823 3880 delubrn
