2842 4342
277 294 327 367 88
677 311 878 365 onnnmcuu

383 451 538 553 Injniioso
551 486 594 532 ne
607 467 689 552 pede
702 446 845 552 promas'

382 567 530 632 Stantem
542 567 738 649 columnam,
753 586 820 632 neu
833 567 972 651 populus
985 566 1136 654 frequens

426 653 932 757 Adar'macetsanteeadarna
966 692 970 703 ι
1248 671 1290 736 rs

469 750 621 830 Concitet'
628 755 863 849 imperiumque
876 765 1012 850 franget

382 962 434 1026 Te
449 982 574 1046 semper
588 964 688 1027 anteit
702 982 801 1027 saeva
814 963 1006 1045 Necessitas,

384 1060 504 1125 clavos
517 1062 656 1126 trabales
669 1071 703 1125 et
717 1081 838 1126 cuneos
853 1081 956 1126 manu

426 1160 565 1223 Gestans
579 1160 694 1241 ahena,
710 1178 770 1223 nec
785 1180 917 1224 severus

466 1258 581 1323 Uncus
596 1259 687 1322 abest
701 1258 927 1342 liquidumque
941 1260 1121 1342 plumbum.

381 1455 433 1519 Te
447 1456 528 1539 Spes
542 1465 575 1520 et
589 1456 663 1521 albo
676 1477 749 1520 rara
763 1455 863 1522 Fides
877 1457 953 1522 colit

383 1554 496 1618 Velata
509 1575 626 1638 panno,
640 1575 701 1620 nec
715 1557 866 1622 comitem
879 1556 1026 1640 abnegat,

425 1652 595 1737 Utcunque
609 1665 736 1719 mutata
749 1664 894 1738 potentes

467 1752 561 1818 Veste
576 1754 690 1817 domos
704 1753 837 1817 inimica
851 1753 981 1836 linquis.

379 1948 424 2011 At
438 1948 558 2032 vulgus
571 1948 712 2015 infidum
725 1960 758 2014 et
771 1951 921 2013 meretrix
935 1961 1016 2014 retro

380 2049 510 2133 Perj'unra
524 2051 627 2132 cedit;
651 2051 827 2134 diffugiunt
840 2051 931 2115 cadis

422 2147 509 2213 Cum
523 2147 612 2213 faece
626 2150 753 2213 siccatis
768 2149 872 2230 amici,

462 2247 558 2311 Ferre
567 2249 687 2332 jugum
700 2249 816 2331 pariter
829 2247 939 2311 dolosi

377 2443 493 2508 Servos
507 2445 629 2509 iturum
643 2445 818 2509 Gaesarem
832 2445 867 2508 in
880 2444 1011 2508 ultimos

377 2542 472 2606 Orbis
486 2544 665 2624 Britannos,
681 2554 714 2608 et
721 2546 883 2628 juvenum
897 2563 1007 2608 recens

419 2640 580 2723 Examen,
595 2643 675 2706 Eois
691 2643 872 2707 timendum

460 2741 610 2805 Partibus
625 2742 820 2827 Oceanoque
834 2742 936 2807 rubro.

376 2934 475 3001 Eheu
487 2938 676 3006 cicatricum
691 2952 724 3004 et
737 2942 866 3005 sceleris
879 2939 979 3024 pudet

377 3034 602 3121 Fratmnrque.
646 3039 812 3108 Quirinos
827 3040 909 3102 dura
923 3037 1102 3117 refugimus

420 3134 542 3199 Aeser
562 3135 642 3218 quid
657 3135 816 3198 intactum
830 3134 947 3198 nefasti

461 3231 658 3315 Liquimusi
680 3231 768 3295 unde
783 3249 919 3294 manum
929 3231 1085 3313 juventus

376 3442 469 3507 Metu
482 3444 616 3507 deorum
629 3443 811 3507 continuit?
832 3442 951 3524 quibus

375 3540 521 3624 Pepercit
534 3542 621 3606 ansi
665 3542 694 3606 Ο
710 3542 837 3607 utinam
850 3560 937 3607 nova

377 3755 406 3807 C.
417 3771 489 3807 xm.
502 3758 540 3807 17.
557 3772 635 3809 sam.
726 3758 768 3811 33.
785 3756 923 3817 Heuhcn!
1014 3757 1054 3809 ³6.
1072 3771 1166 3807 manu
