2842 4342
486 374 646 426 mnan
694 376 779 427 nn
1067 358 1139 430 245

199 534 293 615 Esto,
309 532 383 596 aliis
397 531 479 596 ulios
493 532 589 596 rebus
603 530 785 615 studiisque
798 534 917 597 teneri:

199 632 309 699 Iidem
322 631 439 695 eadem
453 640 589 715 possunt
602 631 718 695 horam
731 629 849 697 durare
863 633 1057 715 probarunt

200 732 328 800 Nullus
341 732 378 796 in
391 732 467 795 orba
481 731 573 796 sinus
587 731 676 796 Baiis
690 730 856 815 praelucet
869 734 1023 814 amoenis,

202 834 240 900 si
255 831 342 896 dixit
355 830 456 912 dives,
471 830 564 895 lacus
577 841 610 894 et
624 850 713 895 mare
729 832 827 896 sentit
840 851 984 896 amorem

202 930 407 998 Festinantis
420 930 508 994 hori:
529 930 585 994 cui
599 931 628 994 si
641 930 758 994 vitiosa
773 929 872 995 libido
1100 932 1142 998 85

203 1029 335 1097 Fecerit
349 1029 542 1113 auspicium,
556 1049 628 1093 oras
642 1029 837 1094 ferramento
851 1030 1009 1095 'l'eanum

204 1129 355 1209 Tolletis,
370 1127 470 1193 fabri!
515 1128 636 1193 Lectus
651 1129 788 1212 genialis
802 1130 838 1193 in
851 1129 930 1193 aula
944 1138 1011 1194 est:

208 1229 266 1295 Nil
280 1229 328 1293 ait
340 1248 412 1293 esso
425 1228 524 1311 prins,
539 1229 657 1292 melius
671 1228 718 1292 nil
732 1229 853 1293 caelibe
868 1230 954 1294 vita:

207 1329 244 1395 si
257 1348 326 1393 non
339 1338 397 1410 est,
407 1330 496 1413 jurat
509 1329 592 1392 bene
606 1327 683 1392 solis
697 1348 768 1392 esse
782 1329 913 1393 maritis.

208 1429 288 1500 Quo
302 1439 432 1493 teneam
445 1428 558 1493 vultus
573 1438 755 1492 mutantem
769 1428 884 1493 Protea
897 1428 1006 1493 nodol
1101 1428 1145 1493 90

208 1527 303 1599 Quid
318 1528 464 1611 paupert
505 1527 607 1593 Ride:
629 1537 737 1592 mutat
750 1528 936 1609 coenacula,
952 1527 1060 1610 lectos,

208 1627 343 1708 Balnea,
358 1636 520 1691 tonsores:
541 1627 702 1691 conducto
716 1628 847 1711 navigio
862 1646 965 1710 aeque

209 1727 357 1792 Nauseat
370 1745 409 1790 ec
424 1726 575 1810 locuples,
587 1746 687 1811 quem
701 1726 793 1791 ducit
806 1728 900 1810 priva
913 1727 1059 1791 triremis.

210 1827 249 1893 si
263 1836 395 1890 curams
410 1826 575 1910 inaequali
589 1837 716 1890 tonsore
731 1826 866 1909 capillos

212 1926 364 2006 Occurro,
379 1925 481 1990 rides:
503 1926 625 1991 sisorte
640 1925 806 1991 subucula
819 1944 924 2007 pexae
1104 1924 1147 1990 95

211 2026 309 2091 Trite
323 2027 434 2090 subest
447 2026 586 2107 tunicae,
601 2026 654 2090 vel
669 2027 699 2090 si
713 2036 789 2110 toga
802 2024 936 2089 dissidet
949 2024 1061 2109 impar,

211 2125 331 2191 Rides:
352 2125 441 2209 quid,
456 2146 530 2191 mea
544 2145 623 2191 cum
635 2136 763 2211 pugnet
776 2126 935 2190 sententia
949 2145 1069 2207 smum,

211 2225 316 2298 Quod
329 2226 427 2308 petiit,
442 2225 580 2310 spernit;
603 2227 715 2309 repetit
728 2225 816 2310 quod
830 2244 933 2309 nuper
946 2226 1062 2308 omisit,

212 2326 360 2405 Aestuat,
374 2335 408 2389 et
420 2326 506 2389 ritae
521 2324 724 2390 disconvenit
737 2325 848 2391 ordine
863 2336 936 2407 toto,

213 2425 331 2506 Dimit,
346 2424 506 2506 aedificat,
521 2434 628 2489 mutat
641 2425 802 2509 quadrata
815 2425 984 2491 rotundis?
1086 2422 1148 2490 100

213 2525 361 2590 Insanim
373 2535 471 2609 putas
485 2524 631 2589 solennia
644 2545 706 2606 me,
722 2544 827 2609 neque
841 2525 933 2606 rides,

213 2624 285 2690 Neo
298 2623 415 2689 medici
429 2623 533 2689 credis
546 2643 607 2689 nec
621 2625 778 2689 curatoris
791 2643 884 2708 egere

213 2724 246 2789 Δ
259 2734 402 2808 praetore
416 2723 494 2806 dati,
509 2743 618 2789 rerum
631 2724 734 2789 tutela
747 2742 896 2789 mearum

214 2823 304 2888 Cum
318 2824 362 2888 sis
376 2832 409 2887 et
418 2843 517 2907 prave
532 2833 659 2889 sectum
672 2821 883 2888 stomacheris
897 2820 939 2884 ob
953 2836 1099 2903 unguem

216 2922 269 2987 De
284 2922 505 3008 tependentis,
521 2924 764 3007 terespicientis
777 2920 883 2986 amici
1088 2918 1150 2982 105

215 3021 269 3088 Ao
284 3042 463 3088 summam:
485 3024 615 3109 sapiens
629 3043 696 3088 uno
710 3022 816 3087 minor
828 3030 878 3086 est
891 3019 980 3099 Jove,
992 3016 1093 3099 dives,

214 3122 321 3204 Liber,
336 3123 520 3205 honoratus,
535 3123 678 3207 pulcher,
693 3143 752 3186 rex
766 3122 906 3206 denique
920 3138 1043 3204 regum,

214 3222 392 3308 Praecipue
406 3243 517 3307 sanus,
531 3224 595 3290 nisi
609 3242 687 3289 cum
700 3223 818 3308 pituita
831 3222 968 3288 molesta
981 3230 1039 3285 est
