2842 4342
542 1068 579 1150 Q-
604 1069 787 1147 Homul
820 1070 973 1146 ritem

273 1327 676 1427 EPISTOLA
720 1330 828 1427 AD
872 1329 1245 1441 PISONES‚

528 1609 593 1674 DE
621 1610 748 1675 ARTE
779 1611 988 1677 ΡΟΕΤΙΟΑ.

667 1864 851 1876 *nn—o

289 2065 448 2132 Hnrrrrro
462 2064 560 2147 oepiti
574 2063 732 2128 cervicem
746 2064 847 2146 pictor
860 2064 1015 2147 equinam

173 2170 181 2183 ‘
247 2165 388 2247 iungere
402 2164 431 2227 si
444 2163 531 2242 velit,
546 2174 578 2226 et
592 2163 699 2227 varias
715 2161 866 2226 inducere
880 2161 1010 2245 plumas

247 2261 399 2344 Undique
413 2262 538 2325 cellatis
552 2262 713 2343 membris,
729 2272 766 2326 nt
781 2263 914 2345 turpiter
927 2274 1034 2326 etrum

247 2361 385 2425 Desinat
398 2361 433 2424 in
447 2360 570 2443 piscem
584 2361 699 2424 mulier
713 2360 853 2424 formosa
867 2381 1013 2444 superne,

247 2461 437 2543 Spectatum
450 2459 585 2524 admissi
599 2460 702 2523 risum
717 2461 860 2539 teneatis,
876 2461 999 2524 amici?
1243 2472 1264 2534 5

247 2560 382 2639 Credite,
398 2560 540 2640 Pisones,
556 2560 608 2623 isti
623 2559 753 2624 tabulae
768 2559 834 2623 fore
849 2559 967 2624 librum

247 2660 455 2740 Persimilem,
470 2661 571 2742 cujus,
587 2656 678 2722 velut
692 2658 780 2742 eegn'
794 2659 929 2738 somnia,
945 2678 1051 2722 venae

247 2760 428 2842 Fingentur
441 2759 571 2841 species,
587 2768 625 2822 nt
638 2776 699 2821 nee
714 2778 771 2841 pes
785 2777 845 2822 nee
859 2769 958 2842 eaput
973 2759 1032 2822 uni

246 2858 414 2923 Reddatur
427 2857 557 2922 formae.
600 2857 781 2922 Pictoribus
795 2868 893 2939 atque
908 2858 1010 2941 poetis

245 2957 416 3028 Quidlibet
430 2957 573 3021 audendi
588 2977 713 3040 semper
727 2957 789 3020 suit
803 2977 908 3039 nequa
922 2967 1072 3040 potestas.
1222 2956 1265 3021 10

245 3058 383 3138 Scimus,
399 3067 431 3120 et
444 3057 530 3120 hanc
546 3057 676 3120 veniam
691 3057 895 3140 petimusque
909 3056 1093 3138 demusque
1108 3055 1263 3136 vicissim,

244 3157 310 3221 Sed
325 3176 391 3220 non
406 3165 443 3219 ut
456 3155 592 3238 placidis
605 3168 721 3219 coeant
735 3157 879 3235 immitia,
895 3175 962 3219 non
975 3166 1014 3220 ut

245 3256 415 3338 Serpentes
430 3255 547 3319 nvibus
562 3256 775 3338 geminentur,
791 3255 926 3337 tigribus
941 3255 1027 3338 agni.

246 3355 385 3437 lneeptis
400 3355 552 3437 gravibus
567 3354 757 3437 plerumque
772 3364 805 3416 et
818 3372 939 3435 magna
954 3351 1104 3435 professis

246 3453 439 3536 Purpureus,
454 3453 522 3518 late
535 3454 592 3536 qui
606 3452 782 3536 splendeat,
798 3471 885 3516 nnus
899 3463 932 3515 et
946 3451 1026 3515 alter
1224 3454 1265 3515 15

244 3549 402 3614 Adsuitur
415 3570 562 3633 pennum
588 3571 664 3616 curn
678 3552 775 3616 lucus
788 3561 821 3614 et
834 3571 891 3615 era
905 3552 1033 3615 Dianae

245 3650 290 3714 Et
303 3650 500 3733 properentis
516 3668 622 3731 equae
636 3669 692 3733 per
706 3667 859 3713 amoenos
873 3652 1017 3712 ambitus
1031 3665 1134 3730 agree,

660 3864 685 3913 8.
703 3862 846 3927 Ὲίιιιιιαωι.
