2842 4342
481 333 533 385 na
557 334 655 387 turn
679 336 843 389 Poenos.
1095 324 1166 400 297

190 491 383 554 Vincentem
397 489 555 572 strepitus,
571 502 604 555 et
617 503 734 556 natum
749 494 844 559 rebus
858 495 1001 579 agenffis

189 589 288 653 ldnse
302 588 392 652 dedit
406 587 526 652 fidibus
540 588 633 652 divos
647 610 828 674 puerosque
842 593 984 676 deorum,

187 688 234 752 Et
248 687 393 770 pugilem
407 688 570 768 victorem,
585 700 618 752 et
631 709 755 772 equum
768 693 943 787 certamine
957 696 1109 777 primum,

188 787 234 851 Et
243 789 407 873 Juvenum
420 806 525 866 curas,
539 799 573 851 et
587 788 917 855 liberavinareferre.
1123 796 1166 861 85

188 887 376 970 Descriptas
391 905 518 949 servare
532 887 620 950 vices
634 907 832 971 operumque
847 891 977 971 colores,

187 986 258 1049 Cur
270 1004 339 1068 ego,
355 985 384 1049 si
398 1004 523 1067 nequeo
537 985 721 1069 ignoroque,
737 998 830 1070 pocta
844 988 989 1053 salutorl

187 1085 258 1148 Cur
271 1085 403 1165 nescire,
417 1083 545 1168 pudens
561 1104 667 1167 prave,
683 1106 785 1168 quam
799 1086 930 1167 discere,
945 1088 1056 1152 munt

187 1184 343 1248 Versibus
356 1184 477 1267 exponi
491 1185 622 1267 tragicis
636 1205 687 1248 res
701 1186 826 1249 mmica
840 1206 907 1251 non
921 1188 1013 1252 vult:

188 1282 381 1366 Indignatur
394 1283 473 1346 item
486 1283 620 1365 privatis
635 1303 674 1347 ac
688 1303 784 1367 prope
800 1304 893 1348 socco
1121 1288 1165 1352 90

188 1382 307 1465 Dignis
320 1382 519 1447 carminibus
533 1383 656 1447 narrari
670 1402 772 1447 coena
786 1384 963 1467 Thyestae.

187 1481 327 1564 Singula
341 1500 490 1563 quaeque
505 1481 615 1545 locum
629 1492 761 1547 teneant
775 1484 885 1547 sortita
899 1483 1058 1551 decente.

188 1579 356 1644 Interdum
372 1591 481 1645 tamen
495 1590 527 1644 et
541 1601 655 1645 vocem
668 1581 836 1646 comoedia
851 1583 941 1662 tollit,

49 1716 76 1744 e
189 1679 359 1761 Iratusque
374 1679 529 1744 Chremes
544 1679 668 1743 tumido
683 1679 829 1763 delitigat
841 1701 904 1760 ore,

189 1779 235 1842 Et
249 1779 390 1862 hagicus
403 1779 594 1862 plerumque
608 1779 695 1844 dolet
708 1799 855 1844 sermone
870 1778 1008 1862 pedestri
1123 1782 1166 1844 95

187 1878 358 1961 Telephus
372 1889 404 1942 et
418 1879 544 1959 Peleus,
559 1898 637 1943 cum
650 1898 776 1962 pauper
789 1889 822 1941 et
835 1878 940 1958 exsul,
956 1889 1091 1961 uterque

188 1978 317 2064 projicit
331 1962 494 2061 ampullae
508 1988 541 2040 et
554 1978 793 2060 sesquipedalia
806 1978 913 2057 verna,

187 2077 225 2142 Si
238 2085 331 2140 curat
344 2095 399 2139 cor
412 2077 587 2159 spectantis
602 2077 743 2160 tedgisse
757 2076 898 2159 querela.

188 2176 263 2241 Non
278 2176 358 2238 satis
371 2186 421 2238 est
435 2177 571 2258 pulchra
584 2186 655 2239 esse
671 2186 838 2258 poemata:
860 2174 972 2239 dulcia
985 2184 1090 2255 sunto,

188 2275 234 2339 Et
247 2293 444 2357 quocunque
458 2275 576 2355 volent,
592 2274 740 2339 animum
755 2274 909 2338 auditoris
923 2283 1054 2357 agunto.
1104 2273 1166 2337 100

187 2373 233 2438 Ut
247 2372 427 2437 ridentibus
441 2372 589 2454 arrident,
605 2374 652 2437 ita
666 2373 820 2437 flentibus
834 2371 955 2436 adsunt

187 2472 337 2537 Humani
350 2472 472 2536 vultus.
515 2473 552 2536 Si
566 2473 617 2536 vis
631 2492 685 2536 me
699 2471 784 2552 flere,
799 2470 978 2536 dolendum
990 2478 1041 2533 est

188 2572 337 2636 Primum
350 2573 412 2655 ipsi
426 2572 504 2653 tibi;
528 2582 607 2635 tunc
623 2582 681 2634 tua
695 2591 748 2635 me
764 2570 940 2634 infortunia
955 2566 1094 2647 laedent,

188 2671 337 2754 Telephe
350 2671 403 2734 vel
417 2670 535 2735 Peleu:
557 2669 643 2734 melo
657 2670 686 2734 si
700 2669 857 2733 mandata
871 2667 1018 2750 loqueris,

188 2772 257 2835 Aut
270 2770 449 2834 dormitabo
462 2779 522 2833 aut
535 2769 653 2833 ridebo.
698 2768 820 2832 Tristia
835 2776 996 2831 moestum
1106 2764 1168 2828 105

188 2870 327 2935 Vultum
341 2871 440 2934 verba
453 2869 577 2950 decent,
592 2871 712 2933 iratum
726 2868 824 2952 plena
837 2867 1010 2941 minarum,

189 2967 375 3034 Ludentem
389 2958 523 3049 lasciva,
538 2986 689 3031 severum
703 2967 787 3030 seria
800 2965 899 3029 dictu.

191 3067 325 3131 Format
338 3067 427 3131 enim
441 3078 559 3131 natura
572 3067 661 3151 prius
676 3085 737 3130 nos
751 3065 840 3129 intus
854 3063 897 3128 ad
912 3082 1043 3127 omnem

191 3166 411 3230 Fortunarum
425 3167 592 3248 babitum;
611 3168 716 3250 juvat,
731 3174 790 3230 aut
804 3162 940 3247 impellit
953 3161 996 3225 ad
1011 3160 1101 3239 ham,

192 3266 260 3329 Ant
274 3264 318 3329 ad
333 3265 473 3329 humum
487 3285 627 3329 moerore
642 3265 734 3347 gravi
748 3263 879 3327 deducit
893 3271 926 3325 et
939 3260 1051 3344 angit3
1107 3257 1169 3321 llll

194 3364 270 3428 Post
284 3363 375 3428 affert
387 3365 489 3429 animi
503 3375 611 3429 motus
625 3365 793 3446 interprete
807 3363 930 3444 lingua.

193 3463 231 3528 Si
244 3463 381 3529 dicenda
395 3473 490 3527 erunt
502 3463 638 3528 sommis
653 3462 777 3527 absona
790 3460 886 3539 dicta,

319 3712 361 3764 Ὠ.
378 3712 516 3765 decenum
588 3711 680 3770 95,96.
699 3710 810 3773 pedestri.
844 3706 1009 3771 Telephum

465 3791 868 3857 lblatklutndflentdomj.

640 3889 695 3954 13·
