2842 4342
502 354 676 407 umnam
726 356 810 409 rer.
964 324 969 334 ’
1090 340 1161 413 281

187 515 318 581 Fabula
331 514 360 577 ei
374 513 528 594 dubitem,
543 513 686 578 clament
699 514 830 596 periisse
843 515 999 597 pudorem
1120 516 1164 585 80

187 615 308 680 Cuncti
323 633 426 698 paene
440 624 555 696 patres,
572 634 612 676 ee
625 632 703 676 cum
718 613 945 696 reprehendere
960 634 1064 696 coner,

187 716 287 786 Quae
302 713 410 796 gravis
424 714 580 795 Aesopus,
590 731 681 797 ‚quae
695 711 812 775 doetus
825 712 963 776 Roscius
977 715 1061 797 egit:

189 813 250 878 Vel
264 813 343 894 quia
356 811 403 875 nil
417 820 549 890 rectum,
565 811 628 875 nisi
643 810 731 893 quod
745 811 867 894 placuit
881 813 951 893 sibi,
967 813 1100 895 ducunt,

189 912 250 975 Vel
264 911 343 993 quia
357 920 448 993 turpe
462 919 579 992 putant
592 928 700 991 parere
716 911 902 992 minoribus,
917 922 957 991 et,
972 932 1057 999 quae

191 1011 355 1076 imberbes
369 1008 516 1089 didicere,
532 1027 625 1071 cenes
639 1006 803 1091 perdenda
817 1009 918 1074 fateri.
1123 1012 1165 1077 85

191 1111 267 1175 Jam
281 1109 405 1174 Saliare
420 1108 549 1173 Numae
562 1127 693 1171 carmen
707 1109 765 1191 qui
780 1108 902 1190 laudat,
917 1120 949 1173 et
963 1110 1053 1191 illud,

191 1209 293 1280 Quod
307 1227 437 1272 mecum
451 1209 585 1291 ignorat,
600 1206 689 1271 aolus
704 1208 776 1271 vult
790 1209 870 1272 scire
884 1209 995 1291 videri,

109 1362 113 1371 .
192 1308 334 1391 Ingeniis
348 1326 414 1371 non
428 1306 483 1370 ille
498 1305 585 1370 favet
598 1305 788 1389 plauditque
802 1309 944 1391 sepultis,

193 1408 311 1473 Nostra
325 1406 383 1471 aed
397 1407 576 1490 impugnat,
591 1425 650 1469 noe
665 1417 837 1489 nostraque
852 1408 972 1473 lividus
986 1407 1060 1472 odit

192 1508 296 1579 Quod
310 1506 566 1571 aitamGraecia
580 1506 707 1570 novitas
722 1507 829 1571 invisa
843 1506 965 1591 fuisset,
1125 1509 1168 1573 90

193 1609 310 1678 Quam
323 1606 424 1687 nobis,
439 1605 519 1689 quid
533 1625 622 1669 nunc
636 1617 721 1671 esset
734 1618 837 1686 vetus,
849 1616 908 1671 aut
921 1606 999 1689 quid
1014 1607 1153 1690 haberet,

193 1705 296 1778 Quod
312 1706 429 1789 legeret
442 1714 617 1787 tereretque
631 1706 750 1772 viritim
765 1704 916 1789 publicus
929 1706 1033 1770 usual

194 1807 240 1870 Ut
253 1806 395 1888 primum
408 1804 519 1887 positis
534 1805 651 1893 nugari
666 1805 802 1868 Graecia
816 1803 908 1868 bellis

194 1905 317 1987 Coepit,
333 1914 366 1967 et
379 1904 412 1967 in
426 1904 544 1967 vitium
558 1902 686 1967 fortuna
700 1903 801 1968 labier
815 1922 928 1987 aequa,

195 2004 294 2069 Nunc
307 2003 504 2067 athletarum
518 2003 642 2084 studiis,
658 2022 748 2068 nunc
762 2004 840 2070 arsit
853 2020 1018 2087 equorum,
1126 2002 1170 2068 95

195 2103 366 2168 Memoris
380 2112 438 2171 aut
451 2103 555 2166 eboris
568 2102 675 2168 fabros
689 2114 748 2167 aut
762 2105 844 2167 aeris
859 2103 990 2185 amavit,

195 2200 372 2285 Suspendit
386 2203 472 2285 picta
485 2203 616 2266 vultum
629 2212 835 2285 mentemque
849 2202 976 2283 tabella,

196 2302 294 2367 Nunc
307 2302 500 2383 tibicinibus,
515 2321 604 2366 nuno
618 2312 667 2365 est
681 2303 796 2386 gavisa
810 2301 987 2387 tragoedis;

195 2402 266 2466 Sub
280 2401 405 2465 nutrice
418 2401 529 2484 puella
542 2402 633 2465 velut
647 2402 675 2465 ei
689 2402 813 2466 luderet
826 2401 943 2483 infans,
1001 2426 1005 2435 ·

197 2499 299 2571 Quod
313 2499 430 2583 cupide
444 2500 541 2582 petiit,
557 2510 682 2564 mature
696 2501 792 2584 plena
806 2500 942 2583 reliquit
1108 2498 1171 2562 100

197 2598 290 2670 Quid
304 2599 410 2682 placet
424 2609 483 2662 aut
496 2598 569 2663 odio
583 2609 639 2679 est,
655 2599 744 2683 quod
758 2619 824 2664 non
838 2598 995 2663 mutabile
1009 2595 1146 2662 credas?

197 2696 268 2761 Hoc
282 2717 380 2781 peeea
394 2698 537 2762 habuere
550 2698 654 2762 bonae
668 2699 821 2780 ventique
836 2696 980 2761 secundi.

196 2796 321 2861 Rornae
335 2797 431 2861 dulce
444 2797 502 2861 din
517 2796 579 2862 tuit
592 2806 625 2861 et
639 2797 803 2877 sollemne,
818 2796 945 2860 reclusa

197 2895 297 2960 Mene
311 2897 408 2960 domo
421 2896 564 2981 vigilare,
578 2897 688 2963 clienti
702 2914 845 2980 promere
854 2897 946 2980 jura:

197 2996 321 3060 Gautoa
334 2997 520 3061 nominibus
534 2997 628 3061 rectio
642 2995 823 3080 expendere
837 3013 998 3076 nummos,
1109 2992 1171 3058 105

197 3094 336 3180 Maiores
350 3095 471 3177 audire,
486 3097 602 3161 minori
616 3097 730 3176 dicere,
745 3114 802 3178 per
814 3114 899 3179 quae

102 3188 109 3201 '
196 3196 348 3259 Greooere
362 3215 413 3259 rea
425 3207 542 3279 posset,
557 3197 662 3261 nrinui
676 3196 836 3261 damnosa
849 3195 956 3260 hbido.

196 3294 341 3358 Mutavit
354 3307 497 3360 mentem
511 3296 650 3380 populus
664 3296 754 3376 levis,
769 3306 802 3359 et
815 3293 900 3357 calet
913 3311 980 3357 uno
1011 3326 1015 3335 ·

196 3394 365 3459 Scribendi
379 3394 505 3478 etudi03
527 3397 683 3479 puerique
696 3392 867 3479 putresque
880 3392 983 3456 severi

197 3494 326 3559 Fronde
339 3514 451 3559 comae
465 3496 565 3560 vineti
578 3506 717 3561 coenant
730 3505 763 3559 et
776 3493 921 3558 carmina
934 3491 1066 3558 dictant
1110 3487 1175 3557 110'

197 3591 271 3676 lpoe
285 3612 354 3677 ego,
369 3595 428 3679 qui
441 3594 549 3660 nullos
563 3614 616 3661 me
630 3594 756 3660 affirmo
769 3593 905 3659 scribere
918 3612 1041 3675 versus,

457 3826 498 3879 ea.
517 3828 644 3888 Quiritum.
721 3825 775 3876 105.
792 3827 869 3877 certis
