2842 4342
156 646 300 713 Virtutis
314 664 411 708 verae
424 652 534 708 cnstm
546 641 736 727 rigidusque
751 643 897 726 setelles;

156 746 264 813 Nunc
278 745 313 807 in
327 742 481 826 Aristippi
495 740 606 807 furtim
619 751 790 824 praecepte
803 743 934 825 relsbor,

159 846 212 911 Et
224 844 306 909 mihi
320 863 380 922 res,
395 861 462 907 non
476 861 528 906 me
543 842 639 906 rebus
653 843 849 926 subjungere
862 862 967 908 conor.

160 944 213 1010 Ut
224 963 292 1009 nox
305 942 412 1025 longe,
427 941 547 1024 quibus
561 941 717 1005 mentitur
730 942 846 1021 amieo,
861 941 995 1024 diesque
1099 944 1142 1008 20

161 1044 272 1110 Lente
285 1042 413 1106 videtur
425 1060 507 1123 opus
521 1040 731 1122 debentibus3
755 1052 793 1105 ut
806 1042 896 1124 piger
909 1061 1017 1107 eunus

162 1142 312 1227 Pupillis,
326 1160 410 1224 quos
423 1139 507 1205 dure
520 1141 636 1223 premit
648 1140 798 1204 custodie
811 1152 954 1206 metrum
966 1164 974 1207 z

162 1244 222 1309 Sic
235 1241 317 1306 mihi
331 1239 424 1305 tarde
437 1239 547 1305 fluunt
559 1240 752 1323 ingratoque
767 1251 919 1324 tempora,
937 1261 1023 1325 quoe
1038 1260 1129 1326 spem

163 1341 413 1423 Consiliumque
427 1348 594 1404 morentur
608 1339 728 1424 egendi
742 1341 889 1423 gnaviter
902 1342 944 1422 id,
959 1341 1048 1426 quod

164 1444 281 1525 Aeque
295 1440 490 1524 pauperibus
503 1438 640 1522 prodest,
655 1439 869 1522 locupletibus
883 1461 995 1524 oeque,
1100 1442 1143 1506 25

163 1542 281 1624 Aeque
294 1538 479 1622 neglectum
492 1539 600 1621 pueris
614 1539 811 1623 senibusque
824 1541 960 1605 nocebit.

164 1641 289 1719 Restat,
304 1638 408 1703 uthis
421 1657 481 1721 ego
495 1658 548 1703 me
562 1639 631 1721 ime
645 1658 757 1723 regum
771 1640 918 1723 solerque
932 1640 1108 1705 elementis.

166 1739 244 1805 Non
259 1739 362 1822 possis
374 1737 469 1802 oculo
482 1748 645 1821 quantum
657 1739 851 1803 contendere
865 1741 1019 1823 Lynceus
1029 1762 1037 1823 3

166 1839 244 1906 Non
259 1848 368 1902 tumen
383 1836 502 1901 idcirco
514 1847 704 1902 contemnes
721 1838 828 1921 lippus
842 1840 975 1923 inungi3

166 1937 248 2018 Nec,
262 1936 341 2020 quia
355 1935 502 2019 desperes
515 1936 630 2000 invicti
643 1937 790 2001 membre
803 1936 968 2020 Glyconis,
1102 1936 1146 2002 30

166 2036 302 2104 Nodoss
314 2054 430 2118 corpus
444 2034 528 2099 nolis
543 2035 710 2118 prohibere
725 2036 892 2119 cheragra.

167 2136 233 2202 sat
245 2133 390 2218 qnsdum
402 2132 527 2216 prodire
541 2145 647 2216 tenus,
659 2135 687 2199 si
700 2154 768 2200 non
782 2135 879 2200 detur
892 2136 985 2200 ultre

168 2239 290 2304 Fervet
304 2236 439 2300 eventis
452 2235 633 2318 miseroque
647 2235 799 2320 cupidine
813 2247 944 2321 pectus:

168 2337 258 2403 Sunt
270 2336 369 2399 verbe
382 2343 415 2398 et
429 2352 532 2415 voces,
546 2335 667 2417 quibus
681 2336 772 2401 hunc
786 2336 885 2401 lenire
899 2336 1041 2402 dolorem

168 2435 289 2516 Possis,
304 2445 337 2498 et
350 2453 507 2517 magnam
520 2435 623 2499 morbi
636 2433 794 2518 duronere
808 2448 941 2520 purtem.
1103 2438 1147 2501 35

167 2534 296 2603 lundis
310 2552 418 2597 umore
432 2544 558 2598 tumes:
584 2543 662 2599 sunt
674 2545 763 2599 certe
777 2536 916 2618 piaculo,
931 2556 1016 2620 quae
1031 2547 1063 2600 te

169 2634 241 2700 'Per
254 2653 332 2716 pure
347 2632 430 2697 lecto
443 2642 593 2715 poterunt
606 2653 747 2699 recreare
762 2636 878 2700 libello.

170 2733 320 2812 Invidus,
334 2731 521 2813 irectmdus‚
536 2734 630 2814 iners,
645 2734 788 2815 vinosus,
805 2744 938 2815 ametor,

170 2832 279 2899 Nemo
292 2831 373 2895 odeo
387 2831 474 2896 fems
488 2842 545 2913 est,
561 2842 678 2899 utnon
692 2835 857 2898 mitescere
872 2834 980 2916 possit,

172 2933 210 2997 si
224 2930 321 2996 modo
334 2930 481 2996 culturae
495 2933 671 3016 patientem
684 2932 868 2999 commodet
882 2950 1004 2997 eurem.
1107 2929 1151 2994 40

43 3084 47 3085 ⁷
147 3084 155 3103 ,
174 3032 285 3095 Virtus
298 3039 348 3094 est
360 3031 477 3095 vitium
491 3030 612 3115 fugere,
627 3047 660 3097 et
673 3033 832 3116 sapientie
845 3032 949 3116 primu

173 3129 320 3198 Stultitia
332 3130 484 3194 caruisse.
528 3131 635 3213 Vides,
650 3151 737 3215 ques
750 3133 898 3197 maxime
911 3130 1015 3194 credis

174 3230 260 3295 Esse
274 3228 371 3308 melu,
386 3230 544 3312 exiguum
557 3249 694 3295 censum
709 3241 899 3314 turpemque
913 3228 1085 3311 repulsum,

175 3332 314 3400 Quanto
328 3326 450 3392 devites
464 3329 567 3395 enimi
581 3331 760 3414 capitisque
775 3330 900 3411 labore3

177 3431 319 3516 Impiger
332 3444 492 3497 extremos
506 3431 607 3496 curris
621 3441 778 3495 mercator
792 3428 835 3492 sd
849 3429 956 3508 Indos,
1110 3425 1153 3491 45

177 3530 240 3596 Per
254 3551 342 3595 mure
355 3532 544 3615 pauperiem
557 3530 694 3613 fugiens,
713 3550 768 3612 per
782 3548 873 3609 sexa,
889 3547 945 3610 per
959 3528 1068 3610 ignes:

176 3632 230 3699 Ne
243 3651 337 3695 cures
352 3652 400 3713 ee,
415 3651 501 3715 quse
515 3631 613 3695 stulte
626 3630 752 3694 mireris
766 3639 798 3692 et
812 3638 912 3711 optas,

179 3731 313 3796 Discere
327 3741 360 3795 et
374 3731 486 3795 eudire
500 3742 533 3794 et
546 3731 669 3797 meliori
684 3728 811 3793 credere
826 3748 891 3792 non
906 3726 980 3790 visl

180 3831 269 3902 Quis
293 3832 417 3895 circum
432 3851 533 3915 pagos
546 3841 578 3894 et
592 3832 716 3895 circum
729 3830 868 3912 compito
882 3847 1026 3911 pugnax,
