2842 4342
538 338 657 388 LIBER.
708 338 830 389 om

251 495 359 561 Simul
373 494 509 559 calentis
524 494 763 559 inverecundus
777 494 858 559 deus

293 595 479 659 Fervidiore
494 614 582 659 mero
595 614 716 658 arcana
730 604 889 677 promorat
903 595 981 659 loco.

251 695 382 766 Quodsi
396 696 478 759 meis
492 696 652 759 inaestuet
665 693 858 779 praecordiis
1145 696 1186 760 15

295 795 412 858 libera
425 795 508 875 bilis,
524 806 561 859 ut
574 794 656 858 haec
671 794 799 876 ingrata
813 793 918 856 ventis
932 792 1057 858 dividat

253 893 414 957 Fomenta
427 893 550 957 vulnus
564 893 611 957 nil
625 893 752 957 malum
767 892 919 973 levantia,

296 992 431 1057 Desinet
445 993 622 1076 imparibus
636 1002 757 1056 certare
771 1001 955 1056 summotus
971 991 1081 1075 pudor.

254 1090 319 1157 Ubi
333 1092 414 1155 baec
429 1111 561 1156 severos
576 1103 607 1156 te
621 1092 732 1175 pelam
746 1090 967 1172 laudaveram,

297 1192 414 1256 Jussus
429 1192 516 1255 abire
529 1191 673 1283 domurn,
689 1191 813 1256 ferebar
826 1192 946 1255 incerto
959 1191 1041 1275 pede
1146 1192 1188 1257 bo

255 1290 307 1354 Ad
321 1309 392 1355 non
402 1292 532 1372 amicos,
547 1292 614 1355 heu
628 1291 710 1355 mihi
724 1300 830 1374 postes
844 1300 877 1355 et
890 1292 957 1355 heu

297 1389 428 1454 Limina
442 1389 532 1471 dura,
547 1391 668 1474 quibus
681 1391 810 1455 lumbos
824 1400 856 1453 ct
870 1389 985 1474 infregi
999 1391 1093 1456 latus.

258 1489 362 1570 Nunc,
378 1489 543 1572 gloriantis
557 1489 736 1573 quamlibet
750 1489 975 1554 mulierculam

297 1590 431 1653 Vincere
445 1589 587 1670 mollitie,
602 1609 693 1654 amor
706 1590 837 1673 Lycisci
851 1609 903 1653 me
918 1599 1024 1673 tenet3

256 1688 351 1753 Unde
365 1689 517 1772 expedire
530 1708 598 1752 non
611 1690 791 1754 amicornm
805 1699 925 1772 queant
1145 1688 1187 1752 25

299 1788 414 1851 libera
428 1788 564 1853 consilia
576 1808 638 1853 nec
651 1789 867 1853 contumeliae
881 1807 1008 1873 gravae,

255 1886 322 1952 Sed
335 1887 419 1952 alius
433 1888 527 1952 ardor
541 1900 598 1952 aut
611 1889 740 1972 puellae
753 1888 912 1952 candidae

298 1988 366 2051 Aut
379 1989 485 2052 teretis
499 1988 590 2072 pueri
604 1988 737 2073 longam
751 1987 935 2053 renodantis
949 2005 1086 2054 comam.

540 2501 720 2564 clausu
749 2502 826 2565 m
863 2470 867 2477 ’

388 2684 438 2727 ΙΝ
471 2684 597 2728 ANUM
631 2686 973 2730 LIBIDINOSAM.

238 2844 328 2915 Quid
345 2844 402 2909 tibi
415 2847 474 2926 vis,
490 2847 606 2911 mulier
619 2849 720 2931 nigris
734 2849 925 2933 dignissima
938 2851 1063 2915 barris?

280 2943 418 3008 Munera
432 2945 511 3028 quid
527 2947 617 3028 mihi,
632 2948 753 3029 quidve
768 2949 902 3013 tabellas

238 3042 348 3124 Mittis,
365 3063 425 3108 nco
439 3045 532 3110 firmo
542 3048 664 3131 juveni,
680 3067 786 3130 noque
800 3049 888 3112 naris
902 3049 1041 3114 obesset

279 3142 430 3227 Namque
445 3148 596 3229 sagacius
611 3166 698 3211 unus
713 3147 833 3227 odoror,

238 3241 383 3325 Polypus
398 3264 441 3307 an
456 3247 564 3327 gravis
579 3246 711 3310 hirsutis
726 3249 822 3312 cubet
836 3248 946 3312 hircus
960 3249 995 3312 in
1009 3248 1078 3329 alis,
1168 3250 1190 3315 ὅ

280 3342 594 3427 Quamcanisacer‚
610 3347 667 3411 ubi
680 3347 779 3411 lateat
793 3367 859 3412 sus.
1174 3358 1185 3371 '

236 3441 326 3511 Quis
340 3442 438 3507 sudor
451 3444 546 3508 vietis
560 3455 592 3509 et
606 3465 706 3529 quam
721 3446 829 3510 malus
845 3446 989 3530 undique
1003 3446 1155 3514 membris

280 3542 402 3606 Crescit
415 3544 500 3625 odor,
516 3565 618 3628 quum
634 3566 716 3629 pone
730 3547 835 3610 soluto

345 3744 384 3793 15.
401 3744 528 3794 mma
598 3747 637 3795 rr.
654 3745 792 3796 tuemur.
858 3747 899 3799 ar.
916 3710 1029 3798 meum

556 3825 676 3878 caua.
692 3826 814 3878 mmihi.
