2842 4342
125 348 132 354 ·
215 306 288 377 902
616 316 830 368 mamm

258 478 401 560 Contigit
409 475 512 539 t--At
526 493 639 555 sermo,
655 475 768 556 lingua
780 474 961 536 concinnus
975 482 1120 554 unaque,

256 578 403 656 suavior,
419 586 457 638 ut
472 574 555 638 Chio
569 584 646 637 nota
660 575 687 636 ai
701 573 880 636 commixta
894 571 1027 635 Falerni
1040 582 1142 634 est-

256 677 344 741 Gum
357 695 470 738 versus
484 672 595 753 facias,
611 673 765 755 teipsum
778 682 951 754 percontor,
965 691 1010 734 an
1023 681 1147 735 etcum
1189 671 1235 734 25

257 776 349 839 Dura
365 775 421 838 tibi
435 771 618 856 peragenda
632 773 677 835 rei
692 772 735 835 sit
747 790 849 834 causa
862 771 993 835 Petiurt

256 875 387 940 Scilicet
400 873 518 938 oblitus
532 872 719 955 patriaeque
733 872 905 953 patrisque,
920 860 1036 934 Latine

258 975 345 1037 Cum
359 972 480 1037 Pedius
493 990 612 1035 causas
625 969 766 1035 exsudet
779 960 943 1052 Poplicola
957 979 1055 1051 atque

257 1072 427 1152 Corvinus,
442 1070 552 1153 patriis
566 1069 781 1134 intermiscere
795 1070 895 1152 petita

257 1172 363 1235 Verba
377 1170 452 1233 ioris
467 1169 570 1249 malis,
587 1169 748 1235 Canusini
761 1188 849 1233 more
862 1167 1039 1250 bilinguis?
1190 1164 1234 1230 3⁰

256 1269 358 1352 Atqui
372 1288 432 1352 ego
445 1288 524 1332 cum
539 1267 679 1332 Graecos
693 1266 842 1348 facerem,
857 1276 956 1331 uatus
970 1285 1058 1332 mare
1072 1266 1162 1345 citra,

258 1368 449 1448 Versiculos,
463 1368 568 1431 vetuit
581 1387 635 1431 me
649 1366 708 1431 tali
721 1386 802 1430 voce
816 1366 987 1445 Quirinus,

257 1468 336 1531 Post
349 1466 492 1531 mediam
505 1478 635 1531 noctem
648 1467 749 1546 visus,
763 1485 842 1530 cam
856 1465 983 1529 somnia
995 1484 1090 1528 vera:

258 1568 298 1631 In
312 1566 431 1630 silvam
445 1584 511 1630 aon
525 1566 616 1649 ligna
629 1565 714 1630 feras
728 1565 885 1645 insanius,
900 1583 941 1628 sc
954 1567 983 1629 si

258 1666 398 1749 Magnos
413 1666 610 1731 Graecorum
623 1665 721 1729 maha
734 1663 866 1747 implere
880 1673 1034 1727 catervas
1191 1662 1232 1727 35

258 1764 429 1848 Turgidus
443 1764 584 1848 Alpinus
592 1764 727 1848 jugulat
738 1764 820 1828 dum
834 1764 1019 1843 Memnona,
1035 1761 1182 1845 dumque

258 1863 404 1947 Defragit
417 1864 526 1928 Rheni
539 1863 666 1927 luteum
679 1874 787 1946 ceput,
803 1863 884 1926 haec
898 1882 959 1945 ego
973 1861 1060 1940 ludo,

257 1965 356 2034 Quae
370 1982 476 2045 neque
490 1963 525 2027 in
539 1962 619 2027 aede
633 1971 749 2027 sonent
763 1963 926 2041 certantia,
937 1961 1046 2046 judioe
1061 1960 1182 2044 Tarpa,

259 2063 328 2127 Nec
342 2061 475 2126 redeant
489 2063 605 2126 iterum
619 2072 718 2144 atque
733 2063 850 2126 iterum
862 2060 1041 2144 spectanda
1055 2061 1198 2125 theatris

259 2161 386 2243 Arguta
400 2162 563 2225 meretrice
576 2171 666 2244 potes
683 2161 844 2244 Davoque
859 2161 1033 2225 Chremeta
1192 2159 1236 2225 to

260 2258 423 2323 Eludente
437 2279 549 2325 senem
563 2261 665 2324 comis
679 2260 797 2344 garrire
813 2260 946 2340 libellos,

258 2357 354 2421 Unus
368 2359 526 2439 vivomm,
543 2359 716 2441 Fundani3
740 2360 844 2424 Pollio
857 2376 971 2443 regum

259 2456 363 2520 Facta
376 2458 473 2537 currit,
488 2457 569 2540 pede
584 2469 631 2522 ter
644 2477 813 2541 percusso3
836 2458 915 2523 forte
929 2478 1006 2542 epos
1020 2478 1102 2539 acer,

258 2554 305 2620 Ut
317 2575 422 2636 nemo,
438 2557 555 2621 Varius
570 2557 678 2640 ducit3
701 2558 799 2622 molle
812 2569 910 2640 atque
924 2557 1065 2622 facetum

260 2655 391 2738 Virgilio
406 2667 592 2720 annuerunt
606 2657 786 2740 gaudentes
801 2678 874 2721 rure
889 2658 1063 2722 Camenae.
1191 2659 1236 2724 ts

259 2755 331 2817 Hoc
346 2765 422 2835 erat,
438 2766 569 2837 experto
583 2755 701 2821 frusua
716 2756 857 2820 Varrone
871 2758 1008 2821 Atacino

258 2852 367 2934 Atque
381 2854 579 2936 quibusdam
593 2855 674 2935 aliis,
689 2855 807 2920 melius
821 2855 909 2938 quod
924 2857 1061 2920 scribere
1075 2876 1212 2938 possem,

259 2952 429 3016 Inventore
443 2954 564 3036 minor3
587 2973 693 3037 neque
707 2974 768 3036 ego
779 2955 825 3018 illi
839 2954 1005 3019 detrahere
1019 2957 1129 3020 ausim

260 3051 455 3116 Haerentem
470 3054 567 3135 capiti
581 3072 659 3117 cum
672 3054 780 3118 multa
793 3054 890 3118 laude
904 3074 1065 3119 coronam.

260 3151 304 3214 At
318 3150 396 3231 dixi,
412 3151 512 3216 fluere
526 3152 617 3216 hunc
631 3153 837 3234 lutulentum,
854 3173 949 3236 saepe
963 3153 1119 3218 ferentem
1194 3156 1237 3220 60

260 3249 360 3314 Plura
373 3251 506 3333 quidem
520 3252 662 3318 tollenda
675 3253 1025 3336 relinquendis—Age,
1040 3273 1172 3336 quaeso,

261 3349 319 3412 Tu
333 3350 414 3413 nihil
429 3350 463 3415 in
478 3372 599 3436 magno
612 3352 728 3417 doctus
742 3352 947 3435 reprehendis
961 3353 1126 3417 Homerol

260 3446 317 3512 Nil
330 3450 431 3514 comis
445 3453 558 3535 tragici
572 3463 679 3517 mutat
692 3453 841 3518 Lucilius
855 3454 933 3533 Attt,

258 3689 372 3745 Mili.
389 3692 611 3755 mmehthrl.
675 3698 717 3748 ³1.
735 3697 824 3759 Atque,
837 3697 953 3747 Orellirre.
1018 3698 1060 3749 37.
1078 3695 1196 3760 Dlffinot

543 3776 586 3826 ⁴5.
603 3787 754 3832 ammata
770 3780 906 3827 mutiat.
