2842 4342
683 385 884 439 caunum

481 552 551 615 Irae
565 559 598 612 et
611 546 756 610 invisum
769 551 926 626 nepotem,

525 649 646 712 Troica
658 663 759 727 quem
772 642 894 726 peperit
907 639 1065 720 sacerdon,

442 849 540 915 Marti
554 844 734 925 redonab03
757 841 851 904 illum
865 857 925 923 ego
939 837 1065 902 lucidas

442 949 528 1015 Inire
542 945 643 1025 sedes,
658 942 776 1006 ducere
790 939 928 1003 nectaris

484 1048 615 1124 Succos,
630 1052 663 1105 et
676 1038 815 1103 adscribi
829 1036 945 1120 quietis

528 1141 704 1207 Ordinibus
718 1137 822 1220 patiar
835 1135 978 1199 deorum.

445 1341 535 1405 Dum
549 1324 667 1420 longus
681 1336 764 1399 inter
777 1333 903 1397 saeviat
916 1331 1000 1396 Ilion

443 1440 647 1520 Romamque
660 1443 788 1518 pontus,
803 1432 947 1515 qualibet
959 1428 1089 1494 exsules

484 1537 524 1601 In
538 1546 627 1620 parte
642 1542 799 1617 regnanto
812 1532 917 1613 beuti3

529 1636 621 1699 Dum
634 1633 756 1698 Priami
769 1630 958 1712 Paridisque
973 1629 1067 1692 busto

446 1834 585 1899 Insultet
597 1840 781 1897 armentum
795 1839 828 1892 et
840 1827 966 1892 catulos
979 1824 1064 1890 serae

447 1933 562 1996 Celent
575 1931 706 2011 inultae,
722 1938 785 1993 etet
798 1925 996 2010 Capitolium

492 2032 638 2114 Fulgens
652 2026 923 2111 triumphatisque
936 2024 1037 2109 possit

532 2130 639 2193 Rama
653 2128 744 2190 ferox
758 2126 834 2189 dare
844 2127 919 2210 jura
932 2122 1047 2188 Medis.

446 2325 614 2392 Horrenda
627 2324 693 2388 late
706 2342 826 2387 nomen
839 2323 875 2386 in
889 2322 1021 2386 ultimas

446 2423 707 2504 Extendamus,
723 2442 791 2506 qua
804 2420 932 2486 medius
946 2421 1050 2504 liquor

489 2524 634 2590 Seeernit
647 2522 801 2605 Europen
816 2521 858 2585 ab
872 2519 959 2600 Afro,

530 2624 610 2693 Qua
625 2621 770 2685 tumidus
784 2621 869 2703 rigat
881 2638 961 2683 arva
974 2617 1079 2696 Nilus,

446 2826 574 2891 Aurum
588 2826 775 2909 inrepertum
789 2832 822 2886 et
835 2822 882 2885 sie
895 2819 1012 2884 melius
1027 2817 1134 2895 situm,

447 2928 534 2991 Oum
549 2937 631 2989 terra
644 2925 736 3003 celat,
753 2940 900 3006 spemere
914 2919 1029 2998 sortior,

490 3027 606 3096 Quam
619 3042 732 3105 eogere
748 3022 911 3084 humanos
926 3019 961 3081 in
975 3035 1056 3082 usus

533 3122 639 3187 Omne
655 3138 784 3182 eaerum
798 3117 941 3200 rapiente
956 3115 1079 3178 dextra.

448 3307 650 3387 Quicunque
664 3299 788 3365 mundo
802 3296 959 3362 terminus
973 3294 1103 3375 obstitit,

449 3406 549 3470 Hune
563 3412 676 3486 tangat
689 3399 796 3479 armis,
810 3397 913 3460 visere
928 3393 1069 3478 gestiens

489 3506 673 3586 Quaparte
688 3495 1041 3578 debaeeheuturignee,
1264 3489 1306 3551 55

533 3602 615 3671 Qua
628 3599 768 3663 nebulae
782 3596 948 3681 pluviique
963 3612 1056 3658 rores.

380 3783 421 3842 ³2·
438 3783 523 3841 'Prole
654 3783 696 3830 34.
713 3782 813 3831 diruere
944 3779 985 3828 ³5.
1003 3774 1089 3834 Μαι,
1101 3771 1217 3825 Oreume.

662 3863 703 3919 5⁴·
721 3870 814 3923 unger,
826 3860 943 3923 Orelliuq
