2842 4342
228 312 309 393 ‚alo
618 330 872 382 mammon

278 490 394 554 Libera
406 507 463 571 per
476 506 621 552 vacuum
634 489 729 571 posui
743 487 880 571 vestigia
893 486 1048 570 princeps,

278 589 352 653 Non
366 588 473 652 aliena
487 606 559 651 meo
573 589 673 671 pressi
686 586 776 671 pede.
820 588 891 658 Qui
905 587 967 651 sibi
981 586 1060 669 fidit,

277 689 357 752 Dux
372 688 453 771 regit
466 707 615 752 examen.
657 688 770 752 Parios
784 706 843 770 ego
858 688 981 770 primus
995 687 1118 751 iambos

277 787 413 853 Ostendi
427 788 530 868 Latio,
545 806 695 851 numeros
709 787 902 869 animosque
917 796 1048 849 secutus

277 887 471 968 Archilochi,
487 906 553 952 non
567 907 617 950 res
632 899 663 950 et
676 887 807 970 agentia
820 886 920 950 verba
934 886 1133 970 Lycamben
1211 888 1257 952 25

140 1028 152 1041 ·
277 989 326 1051 Ac
341 1007 382 1051 ne
396 1007 449 1051 me
463 986 548 1051 soliis
562 986 634 1050 ideo
647 986 845 1051 brevioribus
859 1005 961 1066 ornes,

276 1085 378 1156 Quod
392 1086 486 1149 timui
501 1096 626 1149 mutare
641 1085 755 1149 modos
768 1094 801 1149 et
814 1085 967 1148 carminis
981 1094 1101 1166 artem3

276 1185 453 1268 Temperat
466 1184 652 1269 Archilochi
667 1184 801 1248 Musam
815 1183 897 1267 pede
911 1183 1059 1248 mascula
1072 1184 1217 1268 Sappho,

242 1324 245 1331 -
275 1285 452 1367 Temperat
465 1283 616 1364 Alcaeus,
631 1284 689 1347 sed
702 1284 799 1348 rebus
813 1296 846 1347 et
859 1284 970 1347 ordine
984 1282 1102 1367 dispar,

276 1384 344 1448 Nec
359 1403 506 1448 socerum
520 1383 653 1466 quaerit,
669 1402 769 1465 quem
783 1384 930 1448 versibtu
943 1383 1065 1448 oblinat
1078 1384 1166 1463 atris,
1210 1383 1255 1446 30

134 1550 136 1555 ,
276 1483 345 1547 Nec
360 1502 496 1567 sponsae
511 1483 666 1565 laqueum
681 1482 806 1547 famoso
819 1484 962 1546 carmine
976 1483 1082 1546 nectit

277 1584 376 1647 Hunc
390 1602 458 1666 ego,
474 1602 539 1647 uon
553 1583 618 1646 alio
631 1582 756 1647 dictum
770 1583 859 1665 prius
873 1601 934 1662 ore,
949 1582 1087 1645 Latinus

278 1683 419 1766 Vulgari
434 1682 570 1764 fidicen3
589 1684 685 1767 juvat
699 1683 922 1746 immemorata
936 1680 1092 1745 ferentem

277 1783 432 1866 Ingenuis
447 1783 613 1873 oculisque
629 1782 692 1865 legi
705 1782 923 1864 manibusque
938 1780 1046 1844 teneri.

240 1960 245 1967 ,
277 1872 365 1948 Scire
380 1882 471 1962 velia,
487 1901 561 1945 mea
574 1901 633 1945 cur
646 1883 792 1965 ingratus
806 1880 965 1964 opuscula
979 1880 1077 1943 lector
1209 1879 1255 1944 35

276 1981 405 2046 Laudat
417 1992 568 2063 ametque
582 1981 679 2061 dorni,
694 1989 819 2063 premat
832 1990 925 2044 extra
939 1979 1037 2042 limen
1051 1978 1210 2060 iniquus?

277 2081 351 2145 Non
365 2099 425 2163 ego
440 2091 592 2144 ventosae
607 2080 708 2164 plebis
724 2080 878 2162 suffiagia
892 2097 992 2143 venor

275 2179 434 2260 impensis
448 2198 623 2242 coenarum
637 2189 670 2242 et
684 2179 776 2243 tritae
790 2197 924 2243 munere
939 2178 1057 2258 vestis3

276 2276 349 2341 Non
364 2296 432 2360 ego,
448 2278 606 2343 nobilium
621 2279 811 2361 scriptorum
826 2278 954 2342 auditor
966 2288 999 2341 et
1013 2277 1107 2355 ultor,

276 2377 512 2441 Grammaticus
526 2378 649 2442 ambire
664 2378 766 2442 tribus
780 2387 813 2440 et
827 2377 952 2460 pulpita
965 2376 1087 2459 dignor.
1208 2376 1256 2440 40

276 2476 362 2541 Hinc
377 2475 452 2541 illae
466 2476 627 2541 lacrimae.
672 2478 793 2561 Spissis
807 2475 943 2559 indigna
956 2477 1089 2540 theatris

276 2576 402 2659 Scripta
415 2576 516 2660 pudet
529 2577 665 2641 recitare
676 2588 709 2640 et
722 2577 820 2659 nugis
834 2576 953 2639 addere
967 2575 1103 2658 pondus,

276 2676 313 2741 Si
327 2675 414 2757 dixi3
437 2676 546 2756 Rides,
561 2676 615 2757 ait,
631 2686 664 2739 et
678 2675 769 2739 Jovis
783 2676 917 2740 auribus
932 2676 995 2739 ista

276 2775 413 2858 Servaa3
437 2775 511 2840 fidis
525 2777 621 2856 erum,
637 2794 771 2839 manare
785 2776 909 2858 poetica
923 2774 1021 2838 mella

276 2873 329 2937 'I'e
343 2874 458 2955 solum,
473 2875 531 2939 tibi
545 2875 687 2957 pulcher.
731 2873 785 2939 Ad
800 2874 881 2938 haec
895 2893 955 2957 ego
969 2873 1101 2937 naribus
1115 2890 1165 2936 uu
1209 2872 1254 2937 ta

277 2972 438 3054 Formido,
453 2985 493 3054 et,
509 2974 663 3038 luctantis
677 2984 775 3038 acuto
790 2992 831 3036 ne
845 2992 935 3036 secer
948 2974 1059 3056 ungui,

277 3077 434 3160 Displicet
448 3077 508 3141 iste
523 3077 622 3158 locus,
637 3077 753 3156 clamo,
769 3085 801 3139 et
814 3074 941 3139 diludia
955 3092 1059 3157 posto.

276 3175 393 3240 Ludus
406 3178 495 3240 enim
508 3177 621 3275 genuit
634 3175 795 3259 trepidum
809 3184 973 3239 certamen
988 3183 1020 3236 ct
1033 3173 1124 3251 iram,

277 3274 331 3339 Ira
345 3286 450 3342 truces
464 3276 652 3342 iuimicitias
666 3287 699 3340 et
713 3276 847 3341 funebre
861 3274 993 3338 bellum.

553 3476 584 3529 Β.
595 3479 647 3529 xix.
657 3475 700 3535 22,
709 3474 751 3527 2³.
767 3472 935 3539 fidet-reget
