2842 4342
559 314 823 369 mol.

289 472 393 537 'Pena
407 471 554 554 marique
568 472 674 537 victus
688 474 790 537 hostis
804 475 929 541 Punico

332 571 488 654 Lugubre
502 573 643 636 mutavit
656 592 784 656 sagum

290 673 359 739 Aut
372 670 426 734 ille
439 682 573 734 centum
586 671 728 736 nobilem
743 673 873 738 Cretam
887 676 1020 742 urbibus

332 769 444 833 Ventis
459 770 564 833 iturus
577 789 643 833 uon
658 772 736 851 suis,
1157 777 1201 843 30

291 869 495 933 Exercitatas
510 880 568 933 aut
582 870 661 952 petit
674 871 788 953 Syrtes
802 872 895 954 Noto,

333 969 401 1032 Aut
416 967 514 1031 fertur
528 968 649 1031 incerto
662 971 754 1033 mari.

290 1068 482 1150 Gapaciores
496 1065 575 1130 affer
589 1067 664 1147 huc,
679 1086 767 1151 puer,
782 1070 933 1153 scyphos,

334 1166 380 1230 Et
393 1166 478 1229 Chia
491 1166 571 1230 vina
585 1176 644 1230 aut
658 1166 797 1249 Lesbia3

291 1265 360 1345 Vel,
374 1263 461 1348 quod
475 1264 633 1329 fluentem
647 1284 806 1330 nauseam
820 1279 971 1350 coerceat,
1157 1270 1199 1336 36

333 1365 445 1429 Metire
459 1364 551 1429 nobis
566 1365 766 1429 Caecubum
949 1412 952 1417 -

290 1464 413 1528 Curam
427 1473 615 1545 metumque
630 1464 778 1527 Caesaris
792 1482 898 1529 rerum
907 1466 1003 1550 juvat

334 1564 432 1629 Dulci
445 1561 557 1647 Lyaeo
570 1562 701 1627 solvere.

568 2119 750 2182 OARMEN
779 2118 818 2180 X

420 2319 470 2364 IN
506 2317 728 2361 MAEVIUM
766 2317 968 2364 ΡΟΕΤΔΜ.

344 2495 433 2561 Mala
447 2494 555 2559 soluta
569 2494 665 2558 navis
679 2494 748 2558 exit
762 2494 846 2576 alite,

385 2596 506 2660 Ferens
519 2593 661 2658 olentem
675 2593 852 2659 Maesium.

343 2696 388 2761 Ut
401 2694 537 2758 horridis
552 2704 726 2776 utrumque
741 2694 887 2758 verberes
902 2693 997 2776 latus,

384 2795 511 2873 Auster,
525 2804 688 2857 memento
702 2792 866 2858 fluctibus.

343 2893 442 2976 Niger
455 2892 607 2957 rudentes
621 2892 743 2973 Eurus,
758 2893 885 2957 inverso
898 2893 989 2974 mari,
1177 2892 1200 2958 ὅ

385 2994 583 3074 Fractusque
598 3012 702 3056 remos
717 2991 851 3055 differat

344 3093 495 3175 Insurgat
509 3092 637 3174 Aquilo,
653 3101 796 3175 quantus
810 3091 885 3155 altis
899 3092 1064 3156 montibus

386 3191 522 3274 Frangit
536 3201 707 3255 trementes
722 3190 830 3255 ilices:

346 3289 413 3354 Nec
428 3290 519 3355 sidus
533 3300 603 3354 atra
616 3301 710 3354 nocte
725 3290 869 3353 amicum
883 3297 1042 3372 appareat,

387 3390 468 3459 Qua
483 3390 581 3454 tristis
596 3390 695 3455 Orion
709 3388 816 3471 cadit3
1160 3386 1201 3450 10

346 3484 514 3559 Quietiora
528 3509 589 3554 nec
604 3489 724 3554 feratur
737 3506 884 3571 aequore,

387 3588 502 3659 Quam
517 3589 615 3653 Graia
629 3589 788 3652 victorum
802 3604 928 3668 manus,

601 3788 643 3843 34„
661 3788 714 3929 A?
724 3785 796 3839 ctu.

701 3869 716 3897 a
