2842 4342
684 378 831 430 amnon

373 537 467 610 Quid
481 537 541 601 iste
556 535 616 600 sert
629 537 815 601 turnultus?
836 548 868 601 et
882 536 962 621 quid
976 535 1124 603 onmium

415 637 535 701 Vultus
550 637 584 699 in
601 622 707 699 unuin
722 655 775 699 me
789 638 919 700 trucesl

373 736 436 800 Per
449 736 564 799 liberos
579 744 619 816 te,
635 735 663 797 si
677 744 795 798 vocata
809 736 968 818 partubus
1247 740 1271 805 ὅ

417 835 546 899 Lucina
559 834 644 898 veris
658 833 761 913 affuit,

375 935 438 998 Per
450 934 513 998 hoc
528 934 625 997 inane
640 951 801 1016 purpurae
816 932 917 997 decus
933 909 1057 1017 precor?

418 1034 480 1097 Per
494 1034 751 1117 improbaturum
765 1033 847 1097 baec
861 1033 984 1115 Jovenn

375 1133 468 1205 Quid
482 1143 520 1197 ut
533 1152 672 1196 noverca
686 1151 740 1196 me
754 1132 900 1210 intueris,
915 1144 973 1197 aut
987 1134 1035 1198 uti

419 1233 524 1296 Petita
537 1230 618 1296 ferro
632 1231 802 1296 ballual'’·
1229 1236 1272 1300 10

375 1333 420 1396 Ut
434 1331 516 1395 haec
531 1331 679 1394 trementi
692 1342 828 1412 questus
842 1350 895 1396 ore
909 1332 1053 1397 constitit

418 1429 604 1512 Insignibus
618 1430 718 1513 raptis
732 1449 820 1512 puer,

377 1530 513 1613 Impube
528 1547 652 1612 corpus,
667 1529 765 1610 quale
779 1540 887 1613 posset
901 1531 1000 1614 impia

422 1628 547 1692 Mollire
562 1628 734 1691 Thracum
748 1638 894 1711 pectora3

378 1727 525 1808 Canidia,
541 1727 693 1791 brevibus
707 1727 872 1811 implicata
887 1728 1004 1811 viperis
1231 1731 1274 1793 15

420 1828 534 1891 Crines
548 1836 581 1890 et
594 1827 796 1909 incomptum
811 1835 917 1911 caput,

378 1927 398 1990 J
399 1926 476 1989 ubet
491 1925 646 2010 sepulcris
660 1925 829 2008 caprificos
843 1936 960 2007 erutas,

420 2026 519 2091 Jubet
532 2044 703 2109 cupressus
717 2024 876 2106 funebres,

379 2126 425 2189 Et
439 2136 539 2189 uncta
554 2125 655 2208 turpis
669 2144 733 2188 ova
747 2145 846 2190 ranae
861 2126 1020 2210 sanguine

420 2224 638 2305 Plumamque
652 2234 830 2289 nocuimus
843 2225 950 2310 strigis
1228 2223 1274 2288 20

379 2323 580 2405 Herbasque‚
596 2342 679 2406 quas
693 2322 798 2388 Iolcos
813 2333 910 2406 atque
925 2324 1059 2388 Hiberia

421 2422 529 2501 Mittit,
545 2440 746 2488 venenorum
760 2421 861 2503 ferax,

380 2521 425 2584 Et
438 2540 513 2584 ossa
527 2521 569 2585 ab
583 2541 636 2584 ore
650 2531 744 2605 rapta
753 2522 883 2606 jejunae
897 2522 989 2585 canis

421 2620 581 2685 Flammis
595 2620 688 2684 aduri
703 2621 873 2685 Colchicis.

380 2720 424 2782 At
438 2718 589 2804 expedita
603 2720 746 2802 Sagana,
761 2739 817 2803 per
831 2730 932 2783 totam
947 2719 1082 2782 domum
1227 2716 1272 2781 25

423 2819 585 2901 Spargens
600 2819 779 2882 Avernales
794 2838 907 2901 aquas,

382 2917 498 2982 Horret
512 2918 639 3000 capillis
654 2929 691 2982 ut
705 2919 852 2982 marinus
866 2918 987 3001 asperis

423 3017 573 3081 Echinus
588 3029 646 3082 aut
660 3038 792 3082 currens
807 3038 891 3101 aper.

381 3117 507 3181 Abacta
521 3117 615 3181 nulla
630 3118 710 3180 Veia
724 3118 929 3197 conscientia,

425 3215 603 3299 Ligonibus
618 3215 708 3279 duris
722 3217 865 3280 humum

383 3315 616 3395 Exhauriebat‚
633 3316 802 3399 ingemens
817 3315 987 3394 laboribus,

424 3416 502 3486 Quo
516 3425 623 3500 posset
638 3414 779 3479 infossus
793 3434 891 3501 puer,

381 3516 495 3598 Longo
509 3516 561 3580 die
576 3517 625 3580 bis
641 3528 751 3599 terque
765 3525 909 3579 mutatae
924 3513 1018 3597 dapis

424 3615 562 3678 Inemori
577 3616 769 3697 spectaculo

316 3781 594 3844 8.antqnid,0relliur.
633 3786 810 3834 latremenco.
846 3784 884 3833 15.
896 3781 998 3845 illigata.
1035 3780 1072 3831 18.
1084 3791 1216 3842 cuprum

502 3862 542 3927 21.
561 3873 610 3910 aut.
644 3863 684 3911 25.
702 3865 818 3945 expetita.
852 3860 892 3912 33.
908 3863 948 3911 bur
959 3873 1026 3929 terre
