2842 4342
469 386 627 438 amman
677 386 711 437 rc
737 385 843 435 xvm
1084 366 1157 446 273

184 545 292 625 Zethi,
307 543 456 622 dissiluit,
471 542 573 606 donec
588 552 739 625 suspecta
753 560 862 604 severo

32 700 42 711 .
183 642 347 707 Conticuit
361 640 441 724 lyra.
485 641 649 705 Fraterrris
663 640 798 703 cessisse
813 649 943 722 putatur

183 741 328 805 Moribus
341 739 524 822 Amphion:
547 749 583 802 tu
597 737 675 802 cede
689 738 826 821 potentis
841 738 938 801 amici

183 841 328 905 Lenibus
341 838 490 921 imperiis,
505 839 695 919 quotiesque
709 826 825 900 educet
839 837 873 900 in
887 856 981 920 agros

184 940 306 1004 Aetolis
320 947 451 1002 onerata
464 937 569 1020 plagis
578 938 729 1021 jumenta
742 955 913 1018 canesque,

184 1040 289 1120 Surge
303 1048 335 1100 et
348 1037 549 1100 inhumanae
564 1036 691 1099 serrium
705 1035 829 1117 depone
844 1036 1016 1116 Camenae,

184 1138 309 1200 Coenes
323 1145 361 1198 ut
374 1135 490 1217 pariter
503 1134 671 1217 pulmenta
685 1133 848 1198 laboribus
862 1145 989 1217 empta3

183 1234 341 1299 Romanis
355 1232 510 1296 sollemne
522 1233 601 1296 viris
614 1251 704 1315 opus,
720 1232 798 1296 utile
812 1232 919 1297 famae

184 1333 340 1415 Vitaeque
354 1341 387 1395 et
400 1331 561 1411 membris,
576 1326 762 1414 praesertim
775 1351 852 1395 cum
866 1331 978 1395 valeas
993 1342 1025 1395 et

186 1431 243 1495 Vel
257 1450 357 1495 cursu
370 1450 520 1514 superare
534 1449 651 1493 canem
663 1429 717 1493 vel
732 1431 853 1495 viribus
867 1450 983 1514 aprum

186 1531 303 1594 Possis.
346 1529 449 1608 Adde,
464 1526 571 1592 virilia
584 1527 672 1611 quod
686 1530 862 1612 speciosius
876 1549 968 1593 arma

184 1630 260 1693 Non
273 1638 323 1692 est
336 1629 394 1712 qui
408 1637 521 1692 tractet
530 1628 654 1707 :-scis‚
669 1647 735 1709 quo
749 1628 889 1691 clamore
903 1642 1039 1691 coronae

184 1727 312 1791 Proelia
326 1728 487 1790 sustineas
500 1727 692 1809 campestria
702 1725 894 1807 3-deuique
909 1745 1042 1790 saevam

185 1827 337 1890 Militiam
353 1845 433 1909 puer
445 1836 478 1889 et
491 1825 685 1889 Cantabrica
698 1825 783 1888 bella
798 1825 900 1888 tulisti

184 1926 255 1991 Sub
268 1924 362 2004 duce,
377 1925 435 2007 qui
450 1924 576 2006 templis
591 1924 784 1988 Parthorum
799 1924 893 2005 sigua
906 1923 1010 2006 refigit

184 2024 291 2103 Nunc,
306 2035 347 2103 et,
363 2025 390 2086 si
404 2023 484 2105 quid
498 2025 596 2103 abest,
605 2023 703 2087 italis
718 2021 883 2107 adjudicat
897 2023 1004 2087 armis.

185 2124 242 2202 Ac,
257 2142 300 2186 ne
315 2134 347 2185 te
360 2123 505 2186 retrahas
518 2133 551 2186 et
565 2121 796 2187 inexcusabilis
810 2122 906 2202 absis,

185 2221 351 2292 Quamvis
364 2220 412 2285 nil
425 2230 517 2284 extra
531 2232 704 2284 numerum
718 2220 831 2284 fecisse
845 2220 1044 2303 modumque

185 2321 298 2400 Coras,
313 2319 475 2384 interdum
489 2321 622 2403 nugaris
635 2339 708 2383 rure
722 2330 863 2403 paterno

185 2418 327 2482 Partitur
340 2418 450 2482 lintres
464 2419 642 2500 exercitus3
665 2419 761 2484 Actia
773 2438 885 2503 pugna

186 2516 238 2581 'Pe
252 2516 337 2580 duce
351 2537 406 2600 per
420 2536 536 2599 pueros
550 2516 658 2581 hostili
672 2536 760 2581 more
774 2517 923 2600 refertur3

185 2615 399 2679 Adversarius
413 2628 463 2680 est
477 2614 581 2698 frater,
596 2617 688 2680 lacus
702 2616 835 2697 Hadria,
850 2616 952 2681 donec

186 2715 386 2779 Alterutrum
400 2715 497 2779 velox
511 2717 644 2780 victoria
658 2715 771 2780 fronde
785 2726 923 2779 coronet.

186 2814 373 2879 Consentire
388 2816 456 2905 suis
470 2810 587 2879 studiis
600 2816 659 2897 qui
672 2813 841 2878 crediderit
854 2824 894 2894 te,

186 2914 310 2977 Fautor
323 2923 457 2997 utroque
472 2924 567 2978 tuum
580 2914 727 2978 laudabit
741 2912 855 2995 pollice
869 2911 995 2976 ludum.

186 3011 336 3076 Protinus
350 3022 388 3076 ut
401 3031 560 3092 moneam,
575 3012 697 3094 siquid
711 3011 877 3075 monitoris
890 3030 966 3093 eges
980 3021 1026 3091 tu,

185 3108 278 3178 Quid
292 3108 334 3173 de
347 3129 476 3193 quoque
489 3112 559 3174 viro
572 3121 604 3174 et
618 3112 672 3174 cui
686 3109 785 3190 dicas,
801 3129 896 3193 saepe
909 3109 1026 3173 videto.
1134 3188 1137 3195 ι

155 3262 161 3271 .
186 3207 442 3272 Percontatorem
457 3207 578 3292 fugito:
600 3228 680 3273 nam
693 3208 842 3291 ganulus
857 3208 944 3272 idern
958 3218 1017 3282 est

186 3306 255 3371 Nec
268 3308 406 3372 retinent
419 3308 550 3391 patulae
564 3309 737 3371 commissa
751 3308 887 3372 fideliter
900 3326 1003 3387 aures,

185 3404 231 3469 Et
244 3405 344 3470 semel
358 3407 516 3471 emissum
530 3406 618 3470 volat
632 3405 839 3470 irrevocabile
852 3406 996 3470 verbum

187 3503 262 3567 Non
277 3504 397 3569 ancilla
412 3516 507 3570 tuum
516 3507 608 3590 jecur
621 3506 742 3569 ulceret
756 3504 825 3568 ulla
839 3523 958 3586 puerve

185 3602 274 3667 lutra
287 3622 504 3668 marmoreum
519 3603 693 3667 venerandi
708 3604 808 3668 limen
822 3603 926 3682 amici,

186 3701 235 3766 Ne
249 3701 403 3767 dominus
417 3704 508 3786 pueri
522 3700 648 3786 pulchri
662 3722 797 3767 caraeve
811 3702 938 3786 puellae

186 3799 321 3865 Munere
335 3811 367 3865 te
381 3821 481 3886 parvo
495 3802 568 3865 beet
580 3812 639 3865 aut
653 3801 877 3866 incommodus
892 3812 999 3907 angat

625 3931 680 3993 12·
