2842 4342
277 382 349 454 286
648 393 905 445 sereremus
1022 350 1028 361 ⁶

275 558 421 636 Munera,
436 573 521 638 quse
535 551 641 617 multa
653 552 762 616 dantis
776 570 854 615 cum
868 548 965 614 laude
979 549 1130 634 tulerunt,

276 655 393 721 Dilecti
406 654 465 719 tibi
480 652 634 737 Virgilius
648 652 830 735 Variusque
844 661 975 734 poetae3

145 770 152 781 ·
276 756 344 820 Nec
359 754 464 839 magis
479 752 622 836 expressi
636 752 750 816 vultus
763 770 820 836 per
833 751 960 814 ahenea
974 750 1076 832 signa,

275 856 391 926 Quam
404 872 461 938 per
475 853 560 917 vatis
574 870 655 936 opus
670 870 775 915 mores
789 850 955 932 animique
969 850 1110 913 vimmm

276 955 446 1020 Claromm
459 960 623 1036 apparent
669 950 740 1015 Nec
754 968 916 1014 sermones
930 969 990 1032 ego
1004 948 1137 1014 mallem
1224 948 1281 1013 2⁶0
1326 1016 1329 1035 ,

277 1054 437 1136 Repentes
451 1070 507 1136 per
521 1052 670 1130 humum,
685 1067 787 1132 quam
801 1068 852 1112 res
866 1067 1055 1131 componere
1070 1058 1185 1132 genas,

277 1153 519 1234 Terrarumque
533 1149 614 1214 situs
628 1158 661 1212 et
673 1146 814 1213 flumina
827 1145 932 1211 dicare
946 1158 979 1210 ct
993 1167 1083 1211 arces

279 1251 444 1314 Montibus
458 1248 624 1332 impositas
638 1257 670 1311 et
685 1247 821 1311 berham
834 1265 942 1330 regna,
959 1247 1087 1330 tuisque

277 1350 440 1434 Auspiciis
454 1359 559 1414 totum
572 1347 720 1413 confecta
732 1346 843 1412 duella
857 1366 913 1432 per
926 1347 1043 1428 orbem,

278 1451 493 1532 Claustraqua
506 1448 674 1514 custodem
688 1447 779 1530 pacis
793 1447 975 1511 cohibentia
989 1446 1121 1528 Janum,
1226 1445 1281 1509 255

278 1550 323 1614 Et
337 1549 541 1614 formidatam
554 1547 683 1613 Parthis
698 1558 730 1611 te
744 1546 886 1631 principe
898 1546 1048 1631 Romam,

278 1649 322 1730 Si,
334 1659 496 1733 quantum
508 1666 670 1732 cuperem,
681 1665 809 1731 possem
819 1666 963 1730 quoque3
976 1646 1032 1710 sed
1041 1666 1149 1731 neque
1157 1664 1281 1732 parrum

278 1749 418 1813 Carmen
432 1748 584 1832 majestas
597 1747 708 1830 recipit
723 1757 789 1828 tua,
803 1767 864 1811 nec
878 1764 972 1811 mens
986 1745 1085 1811 audet

279 1848 362 1912 Rem
377 1858 498 1911 tentare
511 1846 622 1930 pudor,
638 1864 741 1928 quam
754 1846 839 1910 vires
853 1846 933 1911 serre
946 1855 1102 1910 recusent.

278 1946 441 2013 sedulitas
456 1955 574 2027 autem,
591 1945 688 2010 stulte
702 1964 802 2029 quem
816 1944 929 2030 diligit,
944 1956 1055 2030 urget:
1226 1943 1282 2008 25⁰

279 2046 454 2129 Praecipue
468 2065 546 2110 cum
561 2064 595 2109 se
609 2045 753 2110 numeris
766 2045 974 2110 commendat
988 2054 1020 2109 et
1034 2055 1120 2110 arte:

280 2145 386 2209 Discit
398 2146 485 2209 enim
500 2145 594 2209 cinus
608 2142 820 2229 meminitque
834 2144 987 2209 libentius
1001 2143 1092 2224 illud,

278 2244 379 2315 Quod
394 2245 468 2326 quis
482 2244 611 2326 deridet,
626 2264 728 2327 quam
742 2244 829 2327 quod
844 2245 957 2327 probat
970 2254 1003 2308 et
1015 2254 1195 2309 veneratur.

279 2343 334 2407 Nil
348 2362 452 2407 moror
464 2342 616 2425 officium,
631 2343 720 2427 quod
735 2363 787 2408 me
801 2354 924 2428 gravat,
939 2364 979 2409 ac
993 2364 1099 2428 neque
1113 2343 1190 2409 ficto

279 2443 423 2527 Inpejus
436 2441 532 2506 vultu
546 2442 678 2527 proponi
692 2462 804 2506 cereus
819 2462 969 2527 usquam,
1227 2441 1283 2505 265

279 2543 347 2607 Nec
361 2562 459 2626 prave
474 2541 567 2606 factis
581 2541 724 2605 decorari
738 2543 884 2606 versibus
898 2553 980 2626 opto,
1055 2564 1075 2577 '⁹

279 2642 329 2706 Ne
343 2642 476 2705 rubeam
491 2641 603 2724 pingui
617 2640 756 2705 donatus
770 2660 912 2723 munere,
927 2653 960 2705 et
974 2656 1041 2706 una

279 2742 365 2807 Cum
379 2742 528 2824 scriptore
543 2759 622 2821 meo,
638 2759 738 2824 capsa
752 2752 913 2823 porrectus
927 2752 1046 2824 apertu,

279 2839 412 2904 Deferat
426 2840 460 2904 in
476 2840 586 2903 vicum
601 2839 797 2903 vendentem
811 2841 889 2904 thus
904 2851 936 2904 et
950 2840 1062 2904 odores

279 2938 323 3004 Et
336 2939 433 3022 piper,
448 2948 481 3002 et
493 2938 652 3021 quidquid
666 2939 786 3004 chartis
801 2940 950 3004 amicitur
964 2940 1089 3023 ineptis.
1226 2935 1286 3002 2Υο

571 3136 628 3189 268.
646 3148 738 3199 operta.
804 3139 862 3189 270.
879 3141 999 3201 inemptus
