2842 4342
707 344 908 400 enarum(

534 472 889 586 Manabitad‘plenum
903 491 1044 583 benigno
1291 510 1334 574 15

574 582 1139 684 Rurlsbonorumobulenta‘eomn

490 801 556 867 uie
568 800 604 866 in
616 799 751 865 reducta
764 797 852 862 valle
867 796 1047 861 Caniculae

490 899 617 966 Vitabis
631 909 751 978 aestus,
766 907 800 961 et
813 896 878 960 fide
892 895 979 961 Teia

534 999 633 1064 Dices
646 997 829 1061 laborantes
843 996 879 1060 in
893 1014 959 1059 nno

575 1095 759 1178 Penelopen
773 1094 975 1176 vitreamque
991 1094 1114 1158 Ciroeu.
1284 1099 1330 1163 20

493 1279 556 1345 Hic
570 1277 751 1343 innocentis
765 1278 883 1361 pocula
897 1276 1007 1342 Lesbii

379 1438 384 1447 .
492 1378 604 1443 Duoes
618 1378 680 1441 sub
695 1377 831 1441 umbra:
854 1395 914 1441 nea
929 1375 1110 1441 Semeleius

535 1476 623 1541 Cum
636 1475 741 1540 Marte
755 1473 932 1539 confundet
946 1474 1131 1557 Thyoneus

575 1571 709 1655 Proelia,
724 1593 786 1637 neo
800 1583 926 1638 metues
939 1582 1124 1656 protervum

491 1770 798 1854 SuspectaCyrum,
813 1788 855 1834 ne
870 1768 1090 1851 maledispari
1276 1771 1319 1835 25

493 1869 733 1934 lucontinentes
747 1868 870 1952 injiciat
883 1886 1011 1947 manus,

535 1967 582 2031 Et
596 1967 724 2031 scindat
737 1966 925 2030 haerentem
938 1983 1091 2030 coronam

576 2066 737 2147 Crinibus,
752 2064 1011 2147 immeritamque
1025 2073 1159 2128 vestem

752 2351 870 2365 ῃ

643 2560 824 2623 ΟΔΒΜΕΝ
852 2561 978 2623 XVIII.

498 2744 554 2787 AD
585 2745 919 2795 Qutucururuut
951 2750 1126 2795 VARUM·

342 2901 486 2984 Nullam,
501 2903 593 2984 Vere,
609 2924 701 2969 sacra
716 2906 781 2970 vite
796 2897 884 2990 prius
899 2905 1019 2969 severis
1034 2884 1178 2970 arborem

300 2999 395 3064 Circa
408 3002 486 3065 mite
500 3001 608 3065 solum
622 3002 758 3066 Tiburis
772 3014 805 3067 et
818 3004 948 3068 moenia
963 3002 1068 3067 Catili

299 3097 402 3163 Sioois
416 3100 526 3164 omnia
540 3118 618 3164 nam
632 3098 716 3163 dura
729 3099 811 3164 dens
826 3101 998 3184 proposuit,
1013 3119 1121 3181 neque

300 3195 469 3262 Mordaoes
484 3198 576 3263 aliter
590 3196 766 3283 diffugiunt
780 3197 1022 3262 sollicitudines.

300 3296 387 3365 Quis
398 3299 702 3380 postvinagravem
712 3295 863 3360 militiam
873 3306 932 3360 aut
942 3295 1129 3379 pauperiem
1139 3296 1271 3379 orepati
1295 3298 1314 3361 b

299 3394 387 3465 Quis
400 3414 467 3459 non
481 3405 512 3459 te
527 3397 642 3478 potius,
658 3396 787 3460 Bacche
802 3405 899 3479 pater,
915 3404 1021 3478 teque,
1033 3394 1153 3460 decens
1168 3395 1302 3460 Venus?

299 3493 344 3556 At
357 3512 399 3556 ne
413 3493 487 3574 quis
501 3493 620 3558 modici
635 3495 793 3560 transiliat
806 3515 942 3561 munera
955 3494 1071 3576 Liberi,

300 3590 482 3658 Centaurea
496 3603 605 3658 monet
618 3612 696 3659 oum
710 3595 861 3680 Lapithis
875 3596 946 3658 rixa
961 3614 1056 3678 super
1070 3612 1158 3658 mero

440 3785 482 3839 as.
499 3800 552 3837 neo.
684 3789 714 3839 C.
726 3792 793 3840 xrir'i.
805 3792 829 3841 5.
846 3795 961 3852 increpet.
1093 3790 1117 3840 7.
1134 3804 1171 3840 se
