2842 4342
279 319 351 390 186
678 334 893 387 sumnam

278 495 436 557 Insectere
450 492 540 555 velut
553 492 674 573 melior,
689 493 859 575 verbisque
873 491 995 555 decons

277 590 443 658 Obvolvas
459 592 599 656 vitium?
642 591 743 672 Quid,
759 593 787 655 si
800 610 853 655 me
868 591 994 654 stultior
1008 590 1077 674 ipso

277 692 476 775 Quingentis
490 700 598 774 empto
612 689 776 755 drachmis
789 689 1016 773 deprenderis?
1058 690 1161 756 Aufer

277 792 331 855 Me
345 790 441 855 vultu
456 792 587 871 terrere3
610 808 748 854 manum
762 790 1031 871 stomachumque
1045 800 1161 871 teneto,

277 890 377 969 Dum,
392 909 478 972 quae
492 890 632 972 Crispini
646 888 757 953 docuit
773 909 825 953 me
834 890 961 973 janitor,
970 888 1047 953 edo.
1252 891 1297 958 46

276 988 328 1053 'I'e
343 990 463 1073 conjux
477 987 584 1052 aliena
597 988 691 1071 capit,
706 987 909 1052 meretricula
922 987 1074 1052 Davum:

277 1089 395 1152 Peccat
410 1099 481 1151 uter
493 1097 639 1151 nostnrm
652 1106 749 1151 cruce
762 1087 917 1172 dignius?
961 1087 1055 1153 Acris
1069 1088 1127 1153 ubi
1140 1105 1195 1154 nn

276 1187 402 1251 Natura
416 1186 562 1266 intendit,
577 1187 640 1250 sub
653 1186 742 1250 clara
756 1186 847 1251 nuda
862 1186 995 1251 lucerna

275 1287 502 1368 Quaecunque
516 1286 643 1368 excepit
655 1287 813 1369 ungentis
827 1288 959 1351 verbera
972 1285 1110 1367 caudae,

276 1386 436 1450 Glunibus
450 1396 508 1449 aut
522 1386 658 1468 agitavit
671 1406 794 1470 equum
809 1387 933 1451 lasciva
946 1387 1110 1470 supinum,
1251 1387 1294 1452 tc

274 1486 416 1550 Dimittit
430 1505 536 1567 neque
550 1485 713 1550 famosum
728 1505 834 1568 neque
849 1486 1031 1566 sollicitum,
1046 1504 1088 1550 ne

223 1646 227 1659 ,
274 1586 379 1650 Ditior
392 1595 451 1649 ant
464 1584 586 1649 formae
600 1585 741 1649 melioris
755 1586 855 1650 meiat
868 1585 990 1650 eodem

275 1686 341 1766 Tu,
356 1704 433 1750 cum
446 1685 592 1769 projectis
607 1685 798 1768 insignibus,
814 1686 914 1750 anulo
927 1685 1066 1767 equestri

274 1786 486 1871 Romanoque
500 1785 623 1865 babitu,
638 1785 746 1868 prodis
760 1805 802 1848 ex
812 1784 922 1869 judice
936 1786 1047 1849 Dama

274 1886 404 1969 Turpis,
420 1884 589 1949 odoratum
601 1893 702 1968 caput
715 1886 906 1948 obscurante
920 1884 1058 1964 lacerna,
1248 1884 1292 1948 ⁵6

273 1984 348 2048 Non
362 2004 406 2064 es,
420 1984 509 2068 quod
524 1984 683 2048 simulas?
727 1985 877 2049 Metuens
893 1983 1062 2065 induceris,
1077 1994 1176 2067 atque

273 2082 457 2148 Altercanta
473 2084 660 2149 libidinibus
674 2084 784 2149 tremis
798 2104 873 2148 ossa
885 2104 1012 2167 pavore.

272 2182 366 2253 Quid
379 2182 481 2264 refert,
497 2182 555 2264 uri,
570 2184 669 2267 virgis
683 2183 829 2267 ferroque
843 2183 951 2247 necari

272 2282 468 2346 Auctoratus
481 2302 546 2362 eas,
562 2302 605 2347 an
619 2284 704 2367 turpi
719 2283 852 2347 clausus
867 2283 901 2347 in
915 2302 999 2363 arca,

272 2382 395 2451 Quota
410 2382 539 2447 demisit
552 2384 675 2466 peccati
689 2384 820 2447 conscia
833 2383 951 2463 herilis,
1246 2381 1291 2445 69

272 2480 482 2546 Oontmctnm
496 2483 633 2566 genibus
648 2493 765 2565 tangas
779 2482 901 2566 caputi
945 2482 1048 2546 Estne
1061 2490 1177 2545 manto

272 2578 439 2643 Matronae
452 2582 615 2664 peccantis
629 2582 664 2645 iu
679 2582 776 2645 ambo
785 2584 875 2666 justa
888 2580 1052 2665 potestas?

270 2678 311 2742 Iu
326 2691 539 2762 corruptorem
553 2680 606 2744 vel
616 2683 740 2765 justior.
784 2681 847 2746 iila
861 2692 970 2745 tamen
984 2700 1019 2743 se

271 2778 346 2842 Non
359 2779 474 2844 habitu
489 2790 634 2845 mutatve
649 2781 720 2844 ioco
735 2790 888 2864 peccatve
902 2798 1047 2863 superne,

271 2877 358 2942 Cum
373 2890 404 2942 te
418 2877 565 2944 formidet
579 2879 696 2944 mulier
709 2899 816 2961 neque
829 2878 940 2943 credat
952 2879 1095 2961 amanti3
1244 2877 1290 2941 65

270 2976 337 3041 Ibis
351 2979 413 3042 sub
427 2977 553 3042 furcam
567 2979 717 3062 prudens,
733 2978 928 3061 dominoque
941 2976 1060 3042 furenti

270 3075 460 3141 Committes
474 3097 542 3141 rem
556 3097 687 3142 omnem
700 3088 733 3141 et
747 3078 850 3141 vitam
863 3087 986 3141 etcum
999 3096 1128 3159 corpore
1142 3076 1277 3139 famam.

270 3174 404 3240 Evasti:
425 3175 529 3258 credo,
544 3187 669 3241 metues
683 3176 862 3259 doctusque
875 3176 1023 3256 cavebis3

269 3275 426 3355 Quaeres,
440 3276 574 3360 qnando
588 3277 703 3340 iterum
718 3295 839 3359 pareas
853 3277 1032 3358 iterumque
1047 3274 1148 3357 perire

270 3373 379 3437 Possis
400 3374 685 3440 Ototiesservnsi
730 3376 829 3447 Quae
844 3375 953 3440 bellua
967 3374 1068 3456 ruptis
1245 3372 1291 3436 70

271 3472 358 3536 Cum
373 3474 473 3537 semel
487 3475 612 3557 effugit,
628 3474 733 3538 reddit
747 3494 781 3538 se
795 3493 898 3557 prava
911 3472 1057 3538 catenis?

269 3570 346 3637 Non
360 3591 434 3636 sum
446 3575 612 3653 moechus,
628 3576 692 3655 ais3
713 3593 819 3657 neque
832 3593 901 3658 ego,
912 3572 1052 3650 hercule,
1064 3568 1124 3651 fur,
1135 3567 1194 3634 ubi
1206 3586 1290 3633 rasa

692 3803 867 3855 &incendit
