2842 4342
530 334 688 386 emm
738 338 766 388 s
791 338 827 388 v,
1115 325 1184 397 180

208 492 372 558 Sarmenti
385 508 517 555 scurrae
530 509 675 574 pugnam
690 492 854 574 Messique
868 495 988 575 Cicirri,

208 590 315 671 llusa,
330 589 432 654 velim
445 609 611 671 memores,
626 600 659 653 et
672 609 739 672 quo
752 603 843 672 patre
856 604 953 658 notus
969 604 1102 678 uterqtm

209 691 390 755 Contulerit
403 690 485 753 lites
529 690 631 753 Messi
643 689 770 753 clarum
783 710 887 774 genus
902 693 997 775 Osci;

210 790 372 854 Sarmemi
385 789 519 853 domina
533 798 657 852 exstat:
680 791 724 853 ab
737 791 790 853 his
804 793 977 874 majoribus
991 793 1050 856 orti
1142 798 1184 860 55

209 888 262 952 Ad
276 907 423 972 pugnam
436 907 562 952 venere.
606 888 696 952 Prior
709 890 919 954 Sarmentus:
942 892 1031 974 Equi
1045 903 1075 955 te

210 988 294 1051 Esse
307 987 367 1052 ieri
381 988 529 1067 similem,
543 987 625 1050 dieo.
668 987 835 1069 uidemus,
851 1000 883 1053 et
897 991 966 1073 ipse

210 1084 371 1151 Hessius:
393 1086 544 1169 Aocipio;
567 1096 714 1169 caputet
727 1101 845 1151 movet
890 1090 929 1169 O,
946 1099 1003 1153 tua
1017 1109 1119 1155 comu

212 1183 259 1248 Ni
272 1186 351 1248 ioret
365 1195 495 1248 exsecto
508 1184 605 1265 frons,
620 1186 734 1268 inquit,
746 1187 825 1268 quid
839 1187 968 1269 faceres,
983 1208 1061 1253 cum

211 1284 267 1349 Sic
280 1283 416 1347 mutilus
429 1284 609 1348 miniteris?
652 1286 757 1349 Atilii
771 1286 865 1350 foeda
877 1288 1011 1352 cicatrix
1143 1289 1186 1354 60

211 1383 361 1448 Setosam
373 1383 458 1447 laevi
472 1382 609 1447 frontem
623 1393 808 1468 trrrpaverat
821 1388 892 1451 oris.

212 1481 420 1564 Campanum
434 1482 468 1545 in
482 1483 640 1563 morbum,
656 1484 690 1547 in
704 1483 822 1548 faciem
836 1486 996 1569 permulta
1005 1488 1142 1571 jocatus,

210 1580 377 1644 Pastorem
392 1580 522 1644 saltaret
536 1583 585 1645 uti
599 1582 753 1666 Cyclopa,
767 1587 918 1666 rogabat:

212 1680 267 1745 Nil
281 1678 328 1742 illi
343 1680 433 1742 larva
447 1690 505 1745 aut
519 1682 647 1764 tragicis
660 1700 743 1765 opus
758 1701 829 1745 esse
843 1684 1018 1747 cothurnis.

212 1779 318 1843 Multa
332 1779 473 1843 Cicirrus
487 1779 644 1844 adhaec:
666 1779 820 1845 donasset
828 1783 940 1865 jamne
954 1792 1104 1847 catenam
1143 1784 1185 1849 65

212 1878 268 1942 Ex
282 1889 358 1941 voto
371 1878 518 1959 Laribus,
533 1880 725 1961 quaerebat:
748 1880 852 1943 scriba
866 1879 954 1962 quod
967 1892 1059 1962 esset,

213 1976 363 2039 Deterius
377 1976 479 2040 nihilo
493 1975 644 2042 dominae
653 1980 708 2062 jus
723 1997 803 2042 esse.
846 1980 994 2062 Rogabat

211 2074 372 2157 Denique,
386 2094 445 2138 cur
458 2094 605 2158 unquam
619 2077 764 2160 fugisset,
779 2079 834 2141 cui
848 2080 926 2142 satis
941 2099 1009 2143 una

212 2173 322 2238 Farris
336 2173 417 2237 libra
431 2173 518 2255 soret,
533 2176 644 2258 gracili
659 2177 715 2257 sic,
731 2187 863 2259 tamque
877 2179 1018 2260 pusilloi

212 2273 347 2336 Prorsus
355 2271 501 2356 jucunde
514 2292 650 2338 coenam
664 2274 876 2357 produximus
891 2277 990 2341 illam.
1142 2277 1185 2341 ⁷0

213 2370 397 2436 Tendimus
407 2372 484 2436 hinc
495 2382 581 2436 recta
591 2374 825 2455 Beneventum,
837 2376 894 2439 uhi
905 2376 1038 2440 sedulus
1049 2379 1166 2458 hospes

212 2469 321 2534 Paene
335 2490 460 2535 macros
474 2473 552 2536 arsit
565 2472 647 2537 dum
661 2473 773 2537 turdos
787 2488 894 2538 versat
907 2477 942 2539 in
957 2477 1042 2557 igni:

213 2569 300 2633 Nam
314 2589 400 2653 rega
413 2590 469 2653 per
482 2581 623 2635 veterem
637 2570 763 2655 dilapso
777 2572 911 2636 flamme
924 2574 1070 2638 culinam

214 2668 370 2749 Vulcano,
386 2688 554 2733 summum
567 2671 755 2754 properabat
769 2670 911 2735 lambere
926 2683 1055 2735 tectum.

214 2768 380 2831 Convivas
394 2768 507 2831 avidos
521 2788 658 2832 coenam
673 2790 847 2853 servosque
862 2772 1011 2833 timentes
1144 2770 1166 2833 7
1166 2772 1187 2833 5

215 2867 310 2932 Tum
323 2887 432 2949 rapere
446 2878 545 2951 atque
559 2887 672 2933 omnes
685 2872 883 2953 restinguere
899 2868 981 2932 velle
996 2867 1130 2931 videres.

215 2949 334 3049 Inc'rpit
348 2986 390 3030 ex
405 2966 460 3030 illo
474 2976 599 3031 montes
613 2969 734 3059 Apulia
747 2979 839 3033 notos

217 3066 388 3130 Ostentare
402 3066 491 3147 mihi,
507 3086 589 3149 quos
603 3078 697 3132 torret
710 3068 881 3148 Atabulus,
898 3077 931 3131 et
946 3087 1028 3150 quos

215 3166 397 3248 Nunquam
411 3185 605 3249 erepsemus,
620 3167 683 3230 nisi
697 3186 757 3230 nos
772 3168 880 3231 vicina
895 3167 1019 3232 Trivici

215 3264 302 3329 Villa
315 3266 493 3348 recepisset,
508 3266 677 3330 lacrimoso
691 3285 757 3329 non
772 3266 955 3346 sinciumO,
1144 3264 1187 3330 80

215 3363 306 3430 Udoa
319 3383 398 3427 cum
411 3363 495 3428 soliis
508 3385 616 3429 mutos
630 3376 742 3430 urente
756 3366 884 3429 camino
886 3410 996 3427 .....

216 3462 369 3532 Quatuor
382 3464 460 3527 hinc
475 3466 618 3547 rapimur
631 3466 747 3550 viginti
761 3475 793 3528 et
807 3464 909 3526 millia
923 3462 1039 3543 rhedis,

216 3561 365 3627 Mansuri
379 3562 541 3646 oppidulo,
556 3565 643 3648 quod
659 3584 755 3628 versu
769 3563 873 3628 dicere
887 3581 953 3627 non
967 3572 1023 3643 est,

174 3728 216 3779 Μ
233 3732 359 3789 nmium,
372 3731 491 3782 Orellius.
575 3734 614 3783 67.
632 3732 706 3783 Nullo
718 3732 836 3793 deterius3
852 3732 937 3782 Nihilo
949 3731 1063 3789 deterius,
1074 3728 1190 3781 &ulline

322 3812 361 3863 70.
379 3812 541 3875 producimus
614 3813 654 3863 ta.
672 3812 754 3862 Paene
765 3812 1043 3869 srait,macrosdom-·.
