2842 4342
262 299 333 373 170
654 316 869 369 sirmam

300 476 379 545 Quo
393 494 461 538 rem
475 473 646 538 deducam.
689 474 727 539 si
740 474 814 557 quia
830 474 919 556 deus,
934 474 989 539 En
1003 494 1072 558 ego,
1083 475 1179 559 dieat,
1238 480 1281 544 15

300 574 375 639 Jam
390 573 509 637 faciam
524 573 612 656 quod
626 573 747 638 vultis:
769 574 831 636 eris
846 584 891 654 tu,
906 575 963 656 qui
977 574 1073 638 modo
1087 576 1190 658 miles,

300 672 477 738 Mercator:
501 684 546 754 tu,
562 673 731 737 consultus
745 672 850 753 modo,
865 674 1024 737 rusticus:
1046 674 1123 738 hinc
1139 695 1207 758 vos,

305 773 366 836 Vos
380 772 457 836 hinc
472 773 606 836 mutatis
620 770 776 836 discedite
790 772 943 855 partibus.
986 772 1068 835 Eia!

300 871 393 942 Quid
409 871 502 935 statis
510 871 680 935 l-nolint
724 872 827 953 Atqui
840 870 916 935 licet
928 891 999 935 esse
1013 871 1124 935 beatis

301 970 395 1041 Quid
408 991 529 1034 causae
543 981 600 1051 est,
616 970 728 1034 merito
742 970 823 1052 quin
838 970 903 1034 illis
916 970 1041 1054 Jupiter
1055 972 1169 1035 ambas
1232 972 1280 1037 20

302 1069 408 1132 iratus
423 1070 543 1133 buccas
558 1069 657 1149 inflet,
672 1087 778 1151 neque
793 1088 828 1132 se
842 1068 908 1133 fore
922 1070 1057 1152 posthac

301 1168 390 1231 'Pam
404 1166 533 1231 facilem
548 1168 643 1249 dicat,
657 1168 742 1232 votis
756 1178 793 1232 ut
807 1168 958 1251 praebeat
971 1168 1105 1233 aurem?

305 1266 478 1347 Praeterea,
494 1286 535 1330 ne
551 1268 605 1349 sic,
621 1276 658 1331 ut
672 1268 730 1350 qui
739 1267 906 1352 jocularia,
921 1265 1029 1331 ridens

176 1358 180 1363 ’
303 1366 489 1430 Percurram
499 1386 742 1450 :-quanquam
756 1365 915 1430 ridentem
929 1365 1034 1430 dicere
1049 1385 1162 1430 verum

301 1464 394 1535 Quid
408 1465 520 1528 vetati
542 1476 579 1529 ut
592 1466 700 1548 pueris
714 1464 793 1528 olim
807 1464 888 1528 dant
900 1465 1044 1528 crustula
1057 1465 1169 1529 blandi
1232 1466 1276 1531 25

303 1563 463 1643 Doctores,
475 1564 635 1627 elementa
648 1564 751 1628 velint
765 1574 802 1628 ut
817 1563 938 1627 discere
953 1565 1056 1647 prima
1066 1585 1119 1645 3-

300 1662 367 1727 Sed
382 1672 490 1727 tamen
505 1673 612 1726 amoto
627 1682 825 1744 quaeramus
839 1664 923 1726 seria
939 1662 1024 1727 ludo.

303 1761 360 1825 [lle
385 1781 517 1844 gravem
531 1761 613 1825 duro
626 1771 744 1824 terram
758 1762 816 1843 qui
830 1762 925 1825 vertit
938 1773 1050 1841 aratro,

303 1860 448 1924 Perfidus
462 1861 516 1924 hic
530 1879 643 1944 caupo,
659 1861 761 1942 miles,
775 1871 967 1943 nautaeque,
983 1880 1039 1944 per
1051 1879 1147 1924 omna

302 1960 452 2024 Audaces
466 1980 555 2023 mare
569 1961 627 2043 qui
642 1970 785 2040 currunt,
800 1960 864 2023 hac
878 1971 987 2024 mente
1002 1961 1142 2024 laborem
1231 1959 1275 2024 30

299 2059 378 2125 Sese
392 2050 480 2139 send,
496 2079 589 2123 serres
603 2069 640 2123 ut
654 2060 688 2123 in
703 2059 768 2122 otia
783 2069 853 2123 tuta
867 2059 1024 2141 recedant,

300 2158 410 2239 Aiunt,
425 2177 503 2221 cunr
517 2158 578 2223 sibi
593 2158 658 2223 sint
671 2169 825 2242 congesta
839 2159 979 2223 cibaria:
1002 2160 1086 2222 sicut

300 2256 450 2337 Parvula,
466 2276 545 2320 nam
559 2257 708 2341 exemplo
723 2267 780 2337 est,
795 2258 907 2341 magni
921 2255 1054 2322 formica
1067 2257 1185 2322 laboris

299 2354 363 2423 Ore
378 2356 475 2419 trahit
489 2356 706 2439 quodcunque
721 2366 825 2441 potest
839 2366 936 2439 atque
950 2356 1041 2420 addit
1054 2377 1179 2438 acervo,

298 2455 410 2524 Quem
424 2455 526 2535 struit,
541 2455 632 2519 haud
648 2456 762 2538 ignara
777 2475 816 2519 ac
830 2475 896 2519 non
911 2456 1044 2519 incauta
1057 2454 1166 2519 futuri
1230 2456 1273 2520 35

297 2552 405 2634 Quae,
421 2555 519 2617 simul
533 2554 699 2618 inversum
714 2556 882 2618 contristat
896 2555 1060 2636 Aquarius
1074 2573 1208 2635 annum,

299 2652 372 2717 Non
386 2672 529 2735 usquam
543 2653 687 2736 prorepit,
703 2664 737 2716 ct
750 2653 813 2717 illis
829 2653 930 2716 utitur
943 2662 1019 2716 ante

296 2752 466 2822 Quaesitis
480 2753 617 2835 sapiens,
632 2772 709 2816 cum
725 2763 756 2816 te
770 2772 876 2835 neque
891 2750 1034 2816 fervidus
1049 2762 1159 2816 aestus

297 2850 478 2915 Demoveat
492 2852 589 2933 !ucro,
605 2872 710 2935 neque
725 2852 839 2933 hiems,
855 2853 950 2935 ignis,
965 2872 1063 2932 mare,
1078 2851 1207 2931 ferrum,

297 2949 352 3015 Nil
365 2952 469 3015 obstet
483 2951 548 3033 tibi,
564 2951 644 3015 dum
658 2971 700 3016 ne
715 2954 756 3016 sit
771 2963 802 3016 te
817 2952 912 3016 ditior
925 2952 1014 3016 alter.
1230 2950 1274 3014 40

295 3049 389 3119 Quid
399 3053 502 3134 juvat,
518 3052 716 3115 immensum
729 3062 761 3115 te
775 3052 899 3134 argenti
913 3051 1042 3136 pondus
1056 3061 1088 3114 et
1102 3050 1174 3114 auri

296 3150 424 3215 Furtim
439 3149 566 3213 defossa
579 3151 732 3214 timidum
746 3152 904 3235 deponere
919 3151 1068 3215 terral-

296 3249 398 3320 Quod
422 3250 450 3314 si
464 3251 676 3331 comminuas,
691 3251 791 3315 vilem
806 3251 969 3334 redigatur
981 3250 1023 3313 ad
1038 3267 1197 3313 assem.—

296 3350 348 3429 At‚
363 3351 397 3414 ni
406 3350 445 3441 'id
461 3351 505 3431 lit,
521 3351 600 3433 quid
613 3351 711 3415 habet
726 3351 851 3434 pulchri
866 3360 1068 3414 constructus
1083 3348 1245 3412 acervus?

297 3436 402 3513 milla
416 3450 572 3515 frumenti
583 3446 640 3515 tna
656 3441 776 3514 triverit
790 3452 865 3514 area
878 3454 1018 3529 centurn,
1229 3447 1274 3512 45

298 3547 372 3612 Non
386 3546 462 3612 tiuls
476 3550 538 3613 hoc
553 3540 658 3634 capiet
672 3549 784 3614 venter
797 3550 871 3632 plus
886 3556 925 3613 ac
941 3543 1052 3612 meds:
1074 3546 1155 3611 uter
1178 3621 1183 3629 Ι

291 3718 328 3769 19.
345 3715 445 3779 nolent3
461 3715 552 3767 nolunt.
596 3718 638 3769 2³.
656 3718 792 3769 Praetereo.
805 3762 812 3775 ,
833 3716 874 3768 29.
892 3716 1001 3769 Perfidu
1010 3716 1051 3767 hle
1061 3730 1149 3777 campo
1159 3713 1240 3766 mila.

653 3799 694 3849 46.
711 3814 783 3881 quarn
796 3813 871 3847 meaa
