<?xml version="1.0" encoding="UTF-8"?>
<!DOCTYPE html PUBLIC "-//W3C//DTD XHTML 1.0 Transitional//EN"
    "http://www.w3.org/TR/xhtml1/DTD/xhtml1-transitional.dtd">
<html xmlns="http://www.w3.org/1999/xhtml" xml:lang="en" lang="en">
 <head>
  <title>
</title>
<meta http-equiv="Content-Type" content="text/html;charset=utf-8" />
  <meta name='ocr-system' content='tesseract 3.04.00' />
  <meta name='ocr-capabilities' content='ocr_page ocr_carea ocr_par ocr_line ocrx_word'/>
</head>
<body>
  <div class='ocr_page' id='page_1' title='image "./workshorace09horagoog_0233.png"; bbox 0 0 2842 4342; ppageno 0'>
   <div class='ocr_carea' id='block_1_1' title="bbox 522 356 1179 431">
    <p class='ocr_par' dir='ltr' id='par_1_1' title="bbox 522 356 1179 431">
     <span class='ocr_line' id='line_1_1' title="bbox 522 356 1179 431; baseline 0.012 -12"><span class='ocrx_word' id='word_1_1' title='bbox 522 368 837 422; x_wconf 74' lang='lat' dir='ltr'><strong>murinam.</strong></span> <span class='ocrx_word' id='word_1_2' title='bbox 972 406 991 431; x_wconf 73' lang='grc'><strong><em>,</em></strong></span> <span class='ocrx_word' id='word_1_3' title='bbox 1108 356 1179 429; x_wconf 81' lang='grc'><strong>186</strong></span> 
     </span>
    </p>
   </div>
   <div class='ocr_carea' id='block_1_2' title="bbox 154 525 1179 3685">
    <p class='ocr_par' dir='ltr' id='par_1_2' title="bbox 158 525 1179 693">
     <span class='ocr_line' id='line_1_2' title="bbox 158 525 1179 612; baseline 0.004 -19"><span class='ocrx_word' id='word_1_4' title='bbox 158 528 287 612; x_wconf 83' lang='lat' dir='ltr'><strong>Scripta</strong></span> <span class='ocrx_word' id='word_1_5' title='bbox 300 527 369 592; x_wconf 77' lang='lat' dir='ltr'><strong>foro</strong></span> <span class='ocrx_word' id='word_1_6' title='bbox 383 526 525 601; x_wconf 86' lang='lat' dir='ltr'><strong>recitent,</strong></span> <span class='ocrx_word' id='word_1_7' title='bbox 541 537 618 588; x_wconf 82' lang='lat' dir='ltr'><strong>sunt</strong></span> <span class='ocrx_word' id='word_1_8' title='bbox 632 525 736 605; x_wconf 86' lang='lat' dir='ltr'><strong>multi,</strong></span> <span class='ocrx_word' id='word_1_9' title='bbox 751 526 872 608; x_wconf 89' lang='lat' dir='ltr'><strong>quique</strong></span> <span class='ocrx_word' id='word_1_10' title='bbox 885 528 1052 594; x_wconf 74' lang='lat' dir='ltr'><strong>lavantes:</strong></span> <span class='ocrx_word' id='word_1_11' title='bbox 1137 532 1179 597; x_wconf 78' lang='lat'><strong>75</strong></span> 
     </span>
     <span class='ocr_line' id='line_1_3' title="bbox 158 624 965 693; baseline -0.001 -1"><span class='ocrx_word' id='word_1_12' title='bbox 158 630 270 693; x_wconf 81' lang='lat' dir='ltr'><strong>Suare</strong></span> <span class='ocrx_word' id='word_1_13' title='bbox 285 628 377 691; x_wconf 86' lang='lat' dir='ltr'><strong>locus</strong></span> <span class='ocrx_word' id='word_1_14' title='bbox 392 626 465 689; x_wconf 86' lang='lat' dir='ltr'><strong>voci</strong></span> <span class='ocrx_word' id='word_1_15' title='bbox 479 635 606 689; x_wconf 76' lang='lat' dir='ltr'><strong>resonet</strong></span> <span class='ocrx_word' id='word_1_16' title='bbox 619 624 965 691; x_wconf 74' lang='lat' dir='ltr'><strong>mnelusua-lnanes</strong></span> 
     </span>
    </p>

    <p class='ocr_par' dir='ltr' id='par_1_3' title="bbox 159 714 1071 909">
     <span class='ocr_line' id='line_1_4' title="bbox 159 714 1071 811; baseline 0 -20"><span class='ocrx_word' id='word_1_17' title='bbox 159 728 231 791; x_wconf 89' lang='lat' dir='ltr'><strong>Hoc</strong></span> <span class='ocrx_word' id='word_1_18' title='bbox 241 730 347 811; x_wconf 80' lang='lat' dir='ltr'><strong>juvet,</strong></span> <span class='ocrx_word' id='word_1_19' title='bbox 361 725 453 789; x_wconf 84' lang='lat' dir='ltr'><strong>hand</strong></span> <span class='ocrx_word' id='word_1_20' title='bbox 469 724 551 788; x_wconf 88' lang='lat' dir='ltr'><strong>illud</strong></span> <span class='ocrx_word' id='word_1_21' title='bbox 566 714 767 806; x_wconf 67' lang='lat' dir='ltr'><strong>quaerentes,</strong></span> <span class='ocrx_word' id='word_1_22' title='bbox 782 744 865 789; x_wconf 89' lang='lat' dir='ltr'><strong>num</strong></span> <span class='ocrx_word' id='word_1_23' title='bbox 879 727 948 789; x_wconf 78' lang='lat' dir='ltr'><strong>eine</strong></span> <span class='ocrx_word' id='word_1_24' title='bbox 963 747 1071 808; x_wconf 83' lang='lat' dir='ltr'><strong>sensu,</strong></span> 
     </span>
     <span class='ocr_line' id='line_1_5' title="bbox 159 823 1013 909; baseline -0.005 -18"><span class='ocrx_word' id='word_1_25' title='bbox 159 827 324 909; x_wconf 81' lang='lat' dir='ltr'>Tempore</span> <span class='ocrx_word' id='word_1_26' title='bbox 337 845 420 889; x_wconf 90' lang='lat' dir='ltr'><strong>unm</strong></span> <span class='ocrx_word' id='word_1_27' title='bbox 433 823 555 888; x_wconf 82' lang='lat' dir='ltr'><strong>iaciant</strong></span> <span class='ocrx_word' id='word_1_28' title='bbox 568 824 869 888; x_wconf 81' lang='lat' dir='ltr'><strong>alieno-Laedere</strong></span> <span class='ocrx_word' id='word_1_29' title='bbox 881 825 1013 907; x_wconf 69' lang='lat' dir='ltr'><strong>gaudee,</strong></span> 
     </span>
    </p>

    <p class='ocr_par' dir='ltr' id='par_1_4' title="bbox 159 922 1055 1008">
     <span class='ocr_line' id='line_1_6' title="bbox 159 922 1055 1008; baseline 0 -19"><span class='ocrx_word' id='word_1_30' title='bbox 159 927 280 1008; x_wconf 79' lang='lat' dir='ltr'><strong>lnquit,</strong></span> <span class='ocrx_word' id='word_1_31' title='bbox 295 936 328 988; x_wconf 91' lang='lat' dir='ltr'><strong>et</strong></span> <span class='ocrx_word' id='word_1_32' title='bbox 341 926 403 988; x_wconf 88' lang='lat' dir='ltr'><strong>hoc</strong></span> <span class='ocrx_word' id='word_1_33' title='bbox 418 923 525 987; x_wconf 86' lang='lat' dir='ltr'><strong>studio</strong></span> <span class='ocrx_word' id='word_1_34' title='bbox 538 942 659 1006; x_wconf 81' lang='lat' dir='ltr'><strong>pravus</strong></span> <span class='ocrx_word' id='word_1_35' title='bbox 673 922 904 988; x_wconf 69' lang='lat' dir='ltr'><strong>facie—Unde</strong></span> <span class='ocrx_word' id='word_1_36' title='bbox 918 926 1055 1007; x_wconf 89' lang='lat' dir='ltr'><strong>petitum</strong></span> 
     </span>
    </p>

    <p class='ocr_par' dir='ltr' id='par_1_5' title="bbox 160 1018 1178 1203">
     <span class='ocr_line' id='line_1_7' title="bbox 160 1018 1178 1106; baseline 0.003 -19"><span class='ocrx_word' id='word_1_37' title='bbox 160 1025 231 1087; x_wconf 86' lang='lat' dir='ltr'><strong>Hoc</strong></span> <span class='ocrx_word' id='word_1_38' title='bbox 246 1024 282 1087; x_wconf 93' lang='lat' dir='ltr'><strong>in</strong></span> <span class='ocrx_word' id='word_1_39' title='bbox 298 1043 350 1087; x_wconf 88' lang='lat' dir='ltr'><strong>me</strong></span> <span class='ocrx_word' id='word_1_40' title='bbox 361 1023 467 1106; x_wconf 69' lang='lat' dir='ltr'><strong>jaciat</strong></span> <span class='ocrx_word' id='word_1_41' title='bbox 487 1032 537 1085; x_wconf 86' lang='lat' dir='ltr'><strong>est</strong></span> <span class='ocrx_word' id='word_1_42' title='bbox 550 1032 664 1085; x_wconf 79' lang='lat' dir='ltr'>auctor</span> <span class='ocrx_word' id='word_1_43' title='bbox 676 1023 750 1103; x_wconf 81' lang='lat' dir='ltr'><strong>quio</strong></span> <span class='ocrx_word' id='word_1_44' title='bbox 764 1022 905 1104; x_wconf 90' lang='lat' dir='ltr'><strong>denique</strong></span> <span class='ocrx_word' id='word_1_45' title='bbox 920 1043 1040 1104; x_wconf 84' lang='lat' dir='ltr'><strong>eorum,</strong></span> <span class='ocrx_word' id='word_1_46' title='bbox 1079 1018 1100 1054; x_wconf 55' lang='lat'>⁸</span> <span class='ocrx_word' id='word_1_47' title='bbox 1135 1026 1178 1090; x_wconf 71' lang='grc'><strong>80</strong></span> 
     </span>
     <span class='ocr_line' id='line_1_8' title="bbox 161 1100 1044 1203; baseline 0.003 -20"><span class='ocrx_word' id='word_1_48' title='bbox 161 1100 331 1185; x_wconf 64' lang='lat' dir='ltr'><strong>Vixr&#39;cum</strong></span> <span class='ocrx_word' id='word_1_49' title='bbox 344 1121 487 1203; x_wconf 71' lang='lat' dir='ltr'><strong>quibua?</strong></span> <span class='ocrx_word' id='word_1_50' title='bbox 530 1121 709 1186; x_wconf 72' lang='lat' dir='ltr'><strong>Absentem</strong></span> <span class='ocrx_word' id='word_1_51' title='bbox 723 1121 781 1201; x_wconf 92' lang='lat' dir='ltr'><strong>qui</strong></span> <span class='ocrx_word' id='word_1_52' title='bbox 795 1120 878 1184; x_wconf 92' lang='lat' dir='ltr'><strong>rodit</strong></span> <span class='ocrx_word' id='word_1_53' title='bbox 891 1123 1044 1203; x_wconf 83' lang='lat' dir='ltr'><strong>amicum,</strong></span> 
     </span>
    </p>

    <p class='ocr_par' dir='ltr' id='par_1_6' title="bbox 159 1219 862 1303">
     <span class='ocr_line' id='line_1_9' title="bbox 159 1219 862 1303; baseline -0.001 -19"><span class='ocrx_word' id='word_1_54' title='bbox 159 1223 232 1291; x_wconf 81' lang='lat' dir='ltr'><strong>Qui</strong></span> <span class='ocrx_word' id='word_1_55' title='bbox 246 1240 314 1284; x_wconf 90' lang='lat' dir='ltr'><strong>non</strong></span> <span class='ocrx_word' id='word_1_56' title='bbox 328 1220 471 1285; x_wconf 81' lang='lat' dir='ltr'><strong>defendit</strong></span> <span class='ocrx_word' id='word_1_57' title='bbox 485 1220 549 1284; x_wconf 88' lang='lat' dir='ltr'><strong>alio</strong></span> <span class='ocrx_word' id='word_1_58' title='bbox 562 1220 725 1303; x_wconf 81' lang='lat' dir='ltr'><strong>culpante,</strong></span> <span class='ocrx_word' id='word_1_59' title='bbox 741 1219 862 1283; x_wconf 72' lang='lat' dir='ltr'><strong>solutos</strong></span> 
     </span>
    </p>

    <p class='ocr_par' dir='ltr' id='par_1_7' title="bbox 160 1318 986 1403">
     <span class='ocr_line' id='line_1_10' title="bbox 160 1318 986 1403; baseline 0.001 -20"><span class='ocrx_word' id='word_1_60' title='bbox 160 1322 232 1390; x_wconf 75' lang='lat' dir='ltr'><strong>Qui</strong></span> <span class='ocrx_word' id='word_1_61' title='bbox 246 1331 356 1403; x_wconf 81' lang='lat' dir='ltr'><strong>captat</strong></span> <span class='ocrx_word' id='word_1_62' title='bbox 369 1321 454 1383; x_wconf 85' lang='lat' dir='ltr'><strong>risus</strong></span> <span class='ocrx_word' id='word_1_63' title='bbox 468 1320 639 1383; x_wconf 89' lang='lat' dir='ltr'><strong>hominum</strong></span> <span class='ocrx_word' id='word_1_64' title='bbox 653 1318 842 1399; x_wconf 82' lang='lat' dir='ltr'><strong>famamque</strong></span> <span class='ocrx_word' id='word_1_65' title='bbox 856 1319 986 1401; x_wconf 78' lang='lat' dir='ltr'><strong>dicacis,</strong></span> 
     </span>
    </p>

    <p class='ocr_par' dir='ltr' id='par_1_8' title="bbox 162 1418 970 1501">
     <span class='ocr_line' id='line_1_11' title="bbox 162 1418 970 1501; baseline 0.001 -19"><span class='ocrx_word' id='word_1_66' title='bbox 162 1420 300 1501; x_wconf 77' lang='lat' dir='ltr'><strong>Fingere</strong></span> <span class='ocrx_word' id='word_1_67' title='bbox 315 1419 371 1500; x_wconf 92' lang='lat' dir='ltr'><strong>qui</strong></span> <span class='ocrx_word' id='word_1_68' title='bbox 384 1438 451 1482; x_wconf 91' lang='lat' dir='ltr'><strong>non</strong></span> <span class='ocrx_word' id='word_1_69' title='bbox 466 1419 538 1481; x_wconf 75' lang='lat' dir='ltr'><strong>visa</strong></span> <span class='ocrx_word' id='word_1_70' title='bbox 551 1428 663 1500; x_wconf 82' lang='lat' dir='ltr'><strong>potest,</strong></span> <span class='ocrx_word' id='word_1_71' title='bbox 677 1418 853 1481; x_wconf 81' lang='lat' dir='ltr'><strong>commissa</strong></span> <span class='ocrx_word' id='word_1_72' title='bbox 865 1428 970 1483; x_wconf 81' lang='lat' dir='ltr'><strong>tacere</strong></span> 
     </span>
    </p>

    <p class='ocr_par' dir='ltr' id='par_1_9' title="bbox 160 1517 1179 1698">
     <span class='ocr_line' id='line_1_12' title="bbox 160 1517 1179 1600; baseline 0.005 -20"><span class='ocrx_word' id='word_1_73' title='bbox 160 1518 231 1587; x_wconf 77' lang='lat' dir='ltr'><strong>Qui</strong></span> <span class='ocrx_word' id='word_1_74' title='bbox 245 1519 376 1600; x_wconf 89' lang='lat' dir='ltr'><strong>nequit:</strong></span> <span class='ocrx_word' id='word_1_75' title='bbox 398 1518 452 1581; x_wconf 90' lang='lat' dir='ltr'><strong>hio</strong></span> <span class='ocrx_word' id='word_1_76' title='bbox 466 1519 627 1600; x_wconf 76' lang='lat' dir='ltr'><strong>uigerent,</strong></span> <span class='ocrx_word' id='word_1_77' title='bbox 642 1517 733 1580; x_wconf 88' lang='lat' dir='ltr'><strong>huuc</strong></span> <span class='ocrx_word' id='word_1_78' title='bbox 747 1526 792 1596; x_wconf 72' lang='lat' dir='ltr'><strong>tn</strong></span> <span class='ocrx_word' id='word_1_79' title='bbox 807 1517 963 1599; x_wconf 73' lang='lat' dir='ltr'><strong>Romane,</strong></span> <span class='ocrx_word' id='word_1_80' title='bbox 978 1530 1100 1584; x_wconf 84' lang='lat' dir='ltr'><strong>caveto.</strong></span> <span class='ocrx_word' id='word_1_81' title='bbox 1136 1521 1179 1585; x_wconf 73' lang='lat'><strong>85</strong></span> 
     </span>
     <span class='ocr_line' id='line_1_13' title="bbox 161 1617 958 1698; baseline 0 -18"><span class='ocrx_word' id='word_1_82' title='bbox 161 1618 267 1698; x_wconf 80' lang='lat' dir='ltr'><strong>Saepe</strong></span> <span class='ocrx_word' id='word_1_83' title='bbox 282 1618 383 1680; x_wconf 85' lang='lat' dir='ltr'><strong>tribus</strong></span> <span class='ocrx_word' id='word_1_84' title='bbox 397 1617 488 1680; x_wconf 85' lang='lat' dir='ltr'><strong>lectis</strong></span> <span class='ocrx_word' id='word_1_85' title='bbox 502 1617 615 1680; x_wconf 79' lang='lat' dir='ltr'><strong>videas</strong></span> <span class='ocrx_word' id='word_1_86' title='bbox 628 1635 764 1679; x_wconf 84' lang='lat' dir='ltr'><strong>coenare</strong></span> <span class='ocrx_word' id='word_1_87' title='bbox 778 1626 958 1698; x_wconf 84' lang='lat' dir='ltr'><strong>quaternos,</strong></span> 
     </span>
    </p>

    <p class='ocr_par' dir='ltr' id='par_1_10' title="bbox 161 1714 1010 1798">
     <span class='ocr_line' id='line_1_14' title="bbox 161 1714 1010 1798; baseline 0.001 -19"><span class='ocrx_word' id='word_1_88' title='bbox 161 1715 192 1778; x_wconf 86' lang='lat' dir='ltr'>E</span> <span class='ocrx_word' id='word_1_89' title='bbox 206 1717 326 1798; x_wconf 83' lang='lat' dir='ltr'><strong>quibus</strong></span> <span class='ocrx_word' id='word_1_90' title='bbox 342 1735 428 1779; x_wconf 81' lang='lat' dir='ltr'><strong>unus</strong></span> <span class='ocrx_word' id='word_1_91' title='bbox 443 1726 518 1779; x_wconf 84' lang='lat' dir='ltr'><strong>avet</strong></span> <span class='ocrx_word' id='word_1_92' title='bbox 533 1716 650 1797; x_wconf 81' lang='lat' dir='ltr'><strong>quavis</strong></span> <span class='ocrx_word' id='word_1_93' title='bbox 663 1714 853 1798; x_wconf 78' lang='lat' dir='ltr'><strong>adspergere</strong></span> <span class='ocrx_word' id='word_1_94' title='bbox 867 1727 1010 1797; x_wconf 86' lang='lat' dir='ltr'><strong>cunctos,</strong></span> 
     </span>
    </p>

    <p class='ocr_par' dir='ltr' id='par_1_11' title="bbox 160 1815 1177 1997">
     <span class='ocr_line' id='line_1_15' title="bbox 160 1815 1177 1900; baseline 0.003 -22"><span class='ocrx_word' id='word_1_95' title='bbox 160 1815 290 1878; x_wconf 82' lang='lat' dir='ltr'><strong>Praeter</strong></span> <span class='ocrx_word' id='word_1_96' title='bbox 298 1835 383 1896; x_wconf 85' lang='lat' dir='ltr'><strong>eum,</strong></span> <span class='ocrx_word' id='word_1_97' title='bbox 393 1815 451 1896; x_wconf 92' lang='lat' dir='ltr'><strong>qui</strong></span> <span class='ocrx_word' id='word_1_98' title='bbox 459 1816 587 1897; x_wconf 79' lang='lat' dir='ltr'><strong>pmebet</strong></span> <span class='ocrx_word' id='word_1_99' title='bbox 597 1833 734 1897; x_wconf 84' lang='lat' dir='ltr'><strong>aquam:</strong></span> <span class='ocrx_word' id='word_1_100' title='bbox 747 1825 828 1897; x_wconf 83' lang='lat' dir='ltr'><strong>post,</strong></span> <span class='ocrx_word' id='word_1_101' title='bbox 838 1816 928 1878; x_wconf 89' lang='lat' dir='ltr'><strong>hunc</strong></span> <span class='ocrx_word' id='word_1_102' title='bbox 938 1835 1067 1898; x_wconf 89' lang='lat' dir='ltr'><strong>quoqne</strong></span> <span class='ocrx_word' id='word_1_103' title='bbox 1075 1827 1177 1900; x_wconf 78' lang='lat' dir='ltr'><strong>potus,</strong></span> 
     </span>
     <span class='ocr_line' id='line_1_16' title="bbox 160 1906 940 1997; baseline 0.001 -21"><span class='ocrx_word' id='word_1_104' title='bbox 160 1913 302 1977; x_wconf 82' lang='lat' dir='ltr'><strong>Condita</strong></span> <span class='ocrx_word' id='word_1_105' title='bbox 316 1934 393 1978; x_wconf 90' lang='lat' dir='ltr'><strong>oum</strong></span> <span class='ocrx_word' id='word_1_106' title='bbox 408 1934 508 1977; x_wconf 86' lang='lat' dir='ltr'><strong>verax</strong></span> <span class='ocrx_word' id='word_1_107' title='bbox 524 1915 624 1997; x_wconf 88' lang='lat' dir='ltr'><strong>aperit</strong></span> <span class='ocrx_word' id='word_1_108' title='bbox 637 1906 823 1996; x_wconf 80' lang='lat' dir='ltr'><strong>praecordia</strong></span> <span class='ocrx_word' id='word_1_109' title='bbox 836 1914 940 1979; x_wconf 89' lang='lat' dir='ltr'><strong>Liber.</strong></span> 
     </span>
    </p>

    <p class='ocr_par' dir='ltr' id='par_1_12' title="bbox 159 2013 1179 2197">
     <span class='ocr_line' id='line_1_17' title="bbox 161 2013 1179 2096; baseline 0.003 -20"><span class='ocrx_word' id='word_1_110' title='bbox 161 2013 224 2076; x_wconf 84' lang='lat' dir='ltr'><strong>Hic</strong></span> <span class='ocrx_word' id='word_1_111' title='bbox 238 2014 297 2076; x_wconf 90' lang='lat' dir='ltr'><strong>tibi</strong></span> <span class='ocrx_word' id='word_1_112' title='bbox 310 2014 412 2076; x_wconf 84' lang='lat' dir='ltr'><strong>comis</strong></span> <span class='ocrx_word' id='word_1_113' title='bbox 427 2023 459 2075; x_wconf 91' lang='lat' dir='ltr'><strong>et</strong></span> <span class='ocrx_word' id='word_1_114' title='bbox 473 2014 618 2076; x_wconf 85' lang='lat' dir='ltr'><strong>urbanus</strong></span> <span class='ocrx_word' id='word_1_115' title='bbox 633 2014 776 2096; x_wconf 88' lang='lat' dir='ltr'><strong>liberque</strong></span> <span class='ocrx_word' id='word_1_116' title='bbox 790 2014 926 2095; x_wconf 85' lang='lat' dir='ltr'><strong>videtur,</strong></span> <span class='ocrx_word' id='word_1_117' title='bbox 1135 2017 1179 2079; x_wconf 82' lang='lat'><strong>90</strong></span> 
     </span>
     <span class='ocr_line' id='line_1_18' title="bbox 159 2111 865 2197; baseline 0.001 -21"><span class='ocrx_word' id='word_1_118' title='bbox 159 2111 281 2176; x_wconf 84' lang='lat' dir='ltr'><strong>lnt&#39;esto</strong></span> <span class='ocrx_word' id='word_1_119' title='bbox 296 2114 414 2195; x_wconf 79' lang='lat' dir='ltr'><strong>nigris:</strong></span> <span class='ocrx_word' id='word_1_120' title='bbox 436 2131 497 2195; x_wconf 84' lang='lat' dir='ltr'><strong>ego</strong></span> <span class='ocrx_word' id='word_1_121' title='bbox 511 2113 539 2176; x_wconf 86' lang='lat' dir='ltr'><strong>si</strong></span> <span class='ocrx_word' id='word_1_122' title='bbox 553 2113 617 2193; x_wconf 84' lang='lat' dir='ltr'><strong>risi,</strong></span> <span class='ocrx_word' id='word_1_123' title='bbox 632 2113 721 2195; x_wconf 90' lang='lat' dir='ltr'><strong>quod</strong></span> <span class='ocrx_word' id='word_1_124' title='bbox 735 2114 865 2197; x_wconf 83' lang='lat' dir='ltr'><strong>ineptus</strong></span> 
     </span>
    </p>

    <p class='ocr_par' dir='ltr' id='par_1_13' title="bbox 161 2210 905 2295">
     <span class='ocr_line' id='line_1_19' title="bbox 161 2210 905 2295; baseline 0.005 -22"><span class='ocrx_word' id='word_1_125' title='bbox 161 2211 310 2274; x_wconf 77' lang='lat' dir='ltr'><strong>Pastillos</strong></span> <span class='ocrx_word' id='word_1_126' title='bbox 324 2210 468 2276; x_wconf 82' lang='lat' dir='ltr'><strong>Rufillus</strong></span> <span class='ocrx_word' id='word_1_127' title='bbox 482 2212 554 2292; x_wconf 83' lang='lat' dir='ltr'><strong>olet,</strong></span> <span class='ocrx_word' id='word_1_128' title='bbox 570 2213 754 2295; x_wconf 79' lang='lat' dir='ltr'><strong>Gorgonius</strong></span> <span class='ocrx_word' id='word_1_129' title='bbox 769 2214 905 2293; x_wconf 84' lang='lat' dir='ltr'><strong>hircum,</strong></span> 
     </span>
    </p>

    <p class='ocr_par' dir='ltr' id='par_1_14' title="bbox 159 2310 1004 2396">
     <span class='ocr_line' id='line_1_20' title="bbox 159 2310 1004 2396; baseline 0.004 -22"><span class='ocrx_word' id='word_1_130' title='bbox 159 2310 297 2375; x_wconf 76' lang='lat' dir='ltr'><strong>lividus</strong></span> <span class='ocrx_word' id='word_1_131' title='bbox 312 2324 344 2374; x_wconf 94' lang='lat' dir='ltr'><strong>et</strong></span> <span class='ocrx_word' id='word_1_132' title='bbox 357 2311 495 2375; x_wconf 81' lang='lat' dir='ltr'><strong>mordax</strong></span> <span class='ocrx_word' id='word_1_133' title='bbox 508 2311 621 2375; x_wconf 80' lang='lat' dir='ltr'><strong>videor</strong></span> <span class='ocrx_word' id='word_1_134' title='bbox 633 2312 716 2375; x_wconf 78' lang='lat' dir='ltr'><strong>tibit</strong></span> <span class='ocrx_word' id='word_1_135' title='bbox 759 2313 882 2377; x_wconf 78' lang='lat' dir='ltr'><strong>Montio</strong></span> <span class='ocrx_word' id='word_1_136' title='bbox 896 2314 1004 2396; x_wconf 82' lang='lat' dir='ltr'><strong>siqua</strong></span> 
     </span>
    </p>

    <p class='ocr_par' dir='ltr' id='par_1_15' title="bbox 159 2410 757 2495">
     <span class='ocr_line' id='line_1_21' title="bbox 159 2410 757 2495; baseline 0 -21"><span class='ocrx_word' id='word_1_137' title='bbox 159 2411 211 2474; x_wconf 85' lang='lat' dir='ltr'><strong>De</strong></span> <span class='ocrx_word' id='word_1_138' title='bbox 226 2411 399 2493; x_wconf 85' lang='lat' dir='ltr'><strong>Capitolini</strong></span> <span class='ocrx_word' id='word_1_139' title='bbox 413 2410 506 2475; x_wconf 79' lang='lat' dir='ltr'><strong>furtis</strong></span> <span class='ocrx_word' id='word_1_140' title='bbox 521 2412 636 2495; x_wconf 83' lang='lat' dir='ltr'><strong>injecta</strong></span> <span class='ocrx_word' id='word_1_141' title='bbox 650 2411 757 2475; x_wconf 78' lang='lat' dir='ltr'><strong>Petilli</strong></span> 
     </span>
    </p>

    <p class='ocr_par' dir='ltr' id='par_1_16' title="bbox 158 2509 1176 2692">
     <span class='ocr_line' id='line_1_22' title="bbox 159 2509 1176 2591; baseline 0.003 -19"><span class='ocrx_word' id='word_1_142' title='bbox 159 2509 212 2573; x_wconf 81' lang='lat' dir='ltr'><strong>&#39;I&#39;e</strong></span> <span class='ocrx_word' id='word_1_143' title='bbox 225 2530 335 2573; x_wconf 87' lang='lat' dir='ltr'><strong>eoram</strong></span> <span class='ocrx_word' id='word_1_144' title='bbox 349 2510 453 2591; x_wconf 81' lang='lat' dir='ltr'><strong>fuerit,</strong></span> <span class='ocrx_word' id='word_1_145' title='bbox 468 2510 635 2589; x_wconf 82' lang='lat' dir='ltr'><strong>defendas,</strong></span> <span class='ocrx_word' id='word_1_146' title='bbox 651 2520 688 2573; x_wconf 93' lang='lat' dir='ltr'><strong>ut</strong></span> <span class='ocrx_word' id='word_1_147' title='bbox 702 2521 944 2575; x_wconf 79' lang='lat' dir='ltr'><strong>tuusestmos:</strong></span> <span class='ocrx_word' id='word_1_148' title='bbox 1133 2510 1176 2575; x_wconf 74' lang='lat'><strong>9⁶</strong></span> 
     </span>
     <span class='ocr_line' id='line_1_23' title="bbox 158 2608 909 2692; baseline 0.003 -21"><span class='ocrx_word' id='word_1_149' title='bbox 158 2608 214 2671; x_wconf 77' lang='lat' dir='ltr'><strong>Me</strong></span> <span class='ocrx_word' id='word_1_150' title='bbox 230 2608 432 2691; x_wconf 84' lang='lat' dir='ltr'><strong>Capitolinus</strong></span> <span class='ocrx_word' id='word_1_151' title='bbox 446 2610 629 2672; x_wconf 81' lang='lat' dir='ltr'><strong>convictore</strong></span> <span class='ocrx_word' id='word_1_152' title='bbox 644 2629 725 2672; x_wconf 78' lang='lat' dir='ltr'><strong>neus</strong></span> <span class='ocrx_word' id='word_1_153' title='bbox 740 2611 909 2692; x_wconf 80' lang='lat' dir='ltr'><strong>amicoque</strong></span> 
     </span>
    </p>

    <p class='ocr_par' dir='ltr' id='par_1_17' title="bbox 158 2688 960 2792">
     <span class='ocr_line' id='line_1_24' title="bbox 158 2688 960 2792; baseline 0.004 -22"><span class='ocrx_word' id='word_1_154' title='bbox 158 2707 191 2771; x_wconf 77' lang='lat' dir='ltr'>A</span> <span class='ocrx_word' id='word_1_155' title='bbox 203 2727 302 2789; x_wconf 87' lang='lat' dir='ltr'><strong>puero</strong></span> <span class='ocrx_word' id='word_1_156' title='bbox 315 2718 371 2788; x_wconf 78' lang='lat' dir='ltr'><strong>est</strong></span> <span class='ocrx_word' id='word_1_157' title='bbox 386 2688 553 2790; x_wconf 65' lang='lat' dir='ltr'><strong>causaque</strong></span> <span class='ocrx_word' id='word_1_158' title='bbox 567 2728 641 2771; x_wconf 85' lang='lat' dir='ltr'><strong>mea</strong></span> <span class='ocrx_word' id='word_1_159' title='bbox 654 2709 815 2791; x_wconf 83' lang='lat' dir='ltr'><strong>permulta</strong></span> <span class='ocrx_word' id='word_1_160' title='bbox 829 2719 960 2792; x_wconf 83' lang='lat' dir='ltr'><strong>rogatus</strong></span> 
     </span>
    </p>

    <p class='ocr_par' dir='ltr' id='par_1_18' title="bbox 158 2807 983 2890">
     <span class='ocr_line' id='line_1_25' title="bbox 158 2807 983 2890; baseline 0.002 -19"><span class='ocrx_word' id='word_1_161' title='bbox 158 2808 259 2886; x_wconf 83' lang='lat' dir='ltr'><strong>Fecit,</strong></span> <span class='ocrx_word' id='word_1_162' title='bbox 275 2817 315 2887; x_wconf 82' lang='lat' dir='ltr'><strong>et,</strong></span> <span class='ocrx_word' id='word_1_163' title='bbox 331 2807 503 2871; x_wconf 84' lang='lat' dir='ltr'><strong>incolumia</strong></span> <span class='ocrx_word' id='word_1_164' title='bbox 518 2807 618 2871; x_wconf 80' lang='lat' dir='ltr'><strong>laetor</strong></span> <span class='ocrx_word' id='word_1_165' title='bbox 631 2807 720 2890; x_wconf 88' lang='lat' dir='ltr'><strong>quod</strong></span> <span class='ocrx_word' id='word_1_166' title='bbox 734 2809 816 2872; x_wconf 79' lang='lat' dir='ltr'><strong>vivit</strong></span> <span class='ocrx_word' id='word_1_167' title='bbox 830 2810 865 2873; x_wconf 93' lang='lat' dir='ltr'><strong>in</strong></span> <span class='ocrx_word' id='word_1_168' title='bbox 878 2810 983 2873; x_wconf 86' lang='lat' dir='ltr'><strong>Urbe:</strong></span> 
     </span>
    </p>

    <p class='ocr_par' dir='ltr' id='par_1_19' title="bbox 156 2905 965 2992">
     <span class='ocr_line' id='line_1_26' title="bbox 156 2905 965 2992; baseline 0.002 -23"><span class='ocrx_word' id='word_1_169' title='bbox 156 2905 223 2970; x_wconf 85' lang='lat' dir='ltr'><strong>Sed</strong></span> <span class='ocrx_word' id='word_1_170' title='bbox 238 2917 348 2970; x_wconf 84' lang='lat' dir='ltr'><strong>tamen</strong></span> <span class='ocrx_word' id='word_1_171' title='bbox 362 2906 509 2987; x_wconf 81' lang='lat' dir='ltr'><strong>admiror,</strong></span> <span class='ocrx_word' id='word_1_172' title='bbox 524 2926 590 2990; x_wconf 91' lang='lat' dir='ltr'><strong>quo</strong></span> <span class='ocrx_word' id='word_1_173' title='bbox 604 2918 698 2990; x_wconf 90' lang='lat' dir='ltr'><strong>pacto</strong></span> <span class='ocrx_word' id='word_1_174' title='bbox 707 2908 869 2992; x_wconf 88' lang='lat' dir='ltr'><strong>judicium</strong></span> <span class='ocrx_word' id='word_1_175' title='bbox 883 2908 965 2972; x_wconf 87' lang='lat' dir='ltr'><strong>illud</strong></span> 
     </span>
    </p>

    <p class='ocr_par' dir='ltr' id='par_1_20' title="bbox 155 3005 1174 3188">
     <span class='ocr_line' id='line_1_27' title="bbox 156 3005 1174 3091; baseline 0.003 -23"><span class='ocrx_word' id='word_1_176' title='bbox 156 3005 300 3088; x_wconf 74' lang='lat' dir='ltr'><strong>Fugerit</strong></span> <span class='ocrx_word' id='word_1_177' title='bbox 344 3006 407 3070; x_wconf 89' lang='lat' dir='ltr'><strong>Hic</strong></span> <span class='ocrx_word' id='word_1_178' title='bbox 421 3008 532 3090; x_wconf 81' lang='lat' dir='ltr'><strong>nigrae</strong></span> <span class='ocrx_word' id='word_1_179' title='bbox 547 3026 666 3071; x_wconf 79' lang='lat' dir='ltr'><strong>succus</strong></span> <span class='ocrx_word' id='word_1_180' title='bbox 680 3006 829 3091; x_wconf 83' lang='lat' dir='ltr'><strong>loliginis,</strong></span> <span class='ocrx_word' id='word_1_181' title='bbox 844 3007 926 3071; x_wconf 85' lang='lat' dir='ltr'><strong>haee</strong></span> <span class='ocrx_word' id='word_1_182' title='bbox 940 3017 988 3071; x_wconf 83' lang='lat' dir='ltr'><strong>est</strong></span> <span class='ocrx_word' id='word_1_183' title='bbox 1111 3006 1174 3071; x_wconf 82' lang='lat'><strong>100</strong></span> 
     </span>
     <span class='ocr_line' id='line_1_28' title="bbox 155 3104 1034 3188; baseline 0.001 -19"><span class='ocrx_word' id='word_1_184' title='bbox 155 3105 286 3188; x_wconf 79' lang='lat' dir='ltr'><strong>Aerugo</strong></span> <span class='ocrx_word' id='word_1_185' title='bbox 300 3126 409 3170; x_wconf 84' lang='lat' dir='ltr'><strong>mera:</strong></span> <span class='ocrx_word' id='word_1_186' title='bbox 431 3104 520 3188; x_wconf 92' lang='lat' dir='ltr'><strong>quod</strong></span> <span class='ocrx_word' id='word_1_187' title='bbox 533 3107 651 3169; x_wconf 85' lang='lat' dir='ltr'><strong>vitium</strong></span> <span class='ocrx_word' id='word_1_188' title='bbox 665 3106 777 3188; x_wconf 87' lang='lat' dir='ltr'><strong>procul</strong></span> <span class='ocrx_word' id='word_1_189' title='bbox 792 3104 899 3169; x_wconf 81' lang='lat' dir='ltr'><strong>abfore</strong></span> <span class='ocrx_word' id='word_1_190' title='bbox 912 3104 1034 3170; x_wconf 83' lang='lat' dir='ltr'><strong>chortis</strong></span> 
     </span>
    </p>

    <p class='ocr_par' dir='ltr' id='par_1_21' title="bbox 155 3203 1006 3288">
     <span class='ocr_line' id='line_1_29' title="bbox 155 3203 1006 3288; baseline 0 -21"><span class='ocrx_word' id='word_1_191' title='bbox 155 3203 265 3286; x_wconf 79' lang='lat' dir='ltr'><strong>Atque</strong></span> <span class='ocrx_word' id='word_1_192' title='bbox 279 3205 389 3268; x_wconf 86' lang='lat' dir='ltr'><strong>animo</strong></span> <span class='ocrx_word' id='word_1_193' title='bbox 402 3205 500 3288; x_wconf 75' lang='lat' dir='ltr'><strong>prius,</strong></span> <span class='ocrx_word' id='word_1_194' title='bbox 515 3216 553 3269; x_wconf 87' lang='lat' dir='ltr'><strong>nt</strong></span> <span class='ocrx_word' id='word_1_195' title='bbox 567 3204 595 3268; x_wconf 83' lang='lat' dir='ltr'><strong>oi</strong></span> <span class='ocrx_word' id='word_1_196' title='bbox 609 3204 688 3286; x_wconf 88' lang='lat' dir='ltr'><strong>quid</strong></span> <span class='ocrx_word' id='word_1_197' title='bbox 703 3206 883 3287; x_wconf 86' lang='lat' dir='ltr'><strong>promittere</strong></span> <span class='ocrx_word' id='word_1_198' title='bbox 897 3203 938 3267; x_wconf 88' lang='lat' dir='ltr'><strong>de</strong></span> <span class='ocrx_word' id='word_1_199' title='bbox 952 3224 1006 3268; x_wconf 91' lang='lat' dir='ltr'><strong>me</strong></span> 
     </span>
    </p>

    <p class='ocr_par' dir='ltr' id='par_1_22' title="bbox 155 3302 907 3387">
     <span class='ocr_line' id='line_1_30' title="bbox 155 3302 907 3387; baseline -0.001 -22"><span class='ocrx_word' id='word_1_200' title='bbox 155 3302 296 3366; x_wconf 81' lang='lat' dir='ltr'><strong>Possum</strong></span> <span class='ocrx_word' id='word_1_201' title='bbox 310 3303 402 3367; x_wconf 87' lang='lat' dir='ltr'><strong>aliud</strong></span> <span class='ocrx_word' id='word_1_202' title='bbox 415 3322 499 3384; x_wconf 80' lang='lat' dir='ltr'><strong>vere,</strong></span> <span class='ocrx_word' id='word_1_203' title='bbox 514 3305 671 3387; x_wconf 90' lang='lat' dir='ltr'><strong>promitto.</strong></span> <span class='ocrx_word' id='word_1_204' title='bbox 715 3303 863 3367; x_wconf 63' lang='lat' dir='ltr'><strong>[uberius</strong></span> <span class='ocrx_word' id='word_1_205' title='bbox 878 3302 907 3365; x_wconf 79' lang='lat' dir='ltr'><strong>ei</strong></span> 
     </span>
    </p>

    <p class='ocr_par' dir='ltr' id='par_1_23' title="bbox 156 3400 976 3487">
     <span class='ocr_line' id='line_1_31' title="bbox 156 3400 976 3487; baseline 0 -23"><span class='ocrx_word' id='word_1_206' title='bbox 156 3401 278 3465; x_wconf 87' lang='lat' dir='ltr'><strong>Dixero</strong></span> <span class='ocrx_word' id='word_1_207' title='bbox 292 3401 380 3485; x_wconf 88' lang='lat' dir='ltr'><strong>quid,</strong></span> <span class='ocrx_word' id='word_1_208' title='bbox 396 3404 425 3467; x_wconf 84' lang='lat' dir='ltr'><strong>si</strong></span> <span class='ocrx_word' id='word_1_209' title='bbox 438 3403 517 3467; x_wconf 83' lang='lat' dir='ltr'><strong>sorte</strong></span> <span class='ocrx_word' id='word_1_210' title='bbox 526 3403 677 3487; x_wconf 75' lang='lat' dir='ltr'><strong>iocosius,</strong></span> <span class='ocrx_word' id='word_1_211' title='bbox 693 3403 755 3466; x_wconf 88' lang='lat' dir='ltr'><strong>hoc</strong></span> <span class='ocrx_word' id='word_1_212' title='bbox 769 3402 851 3466; x_wconf 90' lang='lat' dir='ltr'><strong>mihi</strong></span> <span class='ocrx_word' id='word_1_213' title='bbox 861 3401 943 3484; x_wconf 79' lang='lat' dir='ltr'><strong>juris</strong></span> <span class='ocrx_word' id='word_1_214' title='bbox 971 3400 976 3405; x_wconf 82' lang='grc'><strong><em>’</em></strong></span> 
     </span>
    </p>

    <p class='ocr_par' dir='ltr' id='par_1_24' title="bbox 154 3499 1172 3685">
     <span class='ocr_line' id='line_1_32' title="bbox 154 3499 1172 3584; baseline 0.005 -21"><span class='ocrx_word' id='word_1_215' title='bbox 154 3500 242 3563; x_wconf 82' lang='lat' dir='ltr'><strong>Cum</strong></span> <span class='ocrx_word' id='word_1_216' title='bbox 256 3503 355 3565; x_wconf 85' lang='lat' dir='ltr'><strong>venia</strong></span> <span class='ocrx_word' id='word_1_217' title='bbox 369 3500 471 3565; x_wconf 84' lang='lat' dir='ltr'><strong>debis.</strong></span> <span class='ocrx_word' id='word_1_218' title='bbox 515 3502 662 3566; x_wconf 81' lang='lat' dir='ltr'><strong>Inouevit</strong></span> <span class='ocrx_word' id='word_1_219' title='bbox 678 3512 768 3584; x_wconf 87' lang='lat' dir='ltr'><strong>pater</strong></span> <span class='ocrx_word' id='word_1_220' title='bbox 782 3501 923 3583; x_wconf 83' lang='lat' dir='ltr'><strong>optimus</strong></span> <span class='ocrx_word' id='word_1_221' title='bbox 937 3499 999 3563; x_wconf 88' lang='lat' dir='ltr'><strong>hoo</strong></span> <span class='ocrx_word' id='word_1_222' title='bbox 1013 3519 1066 3565; x_wconf 90' lang='lat' dir='ltr'><strong>me</strong></span> <span class='ocrx_word' id='word_1_223' title='bbox 1074 3520 1084 3582; x_wconf 82' lang='lat'><em>3</em></span> <span class='ocrx_word' id='word_1_224' title='bbox 1110 3501 1172 3569; x_wconf 72' lang='grc'><strong>106</strong></span> 
     </span>
     <span class='ocr_line' id='line_1_33' title="bbox 158 3598 1031 3685; baseline 0.002 -21"><span class='ocrx_word' id='word_1_225' title='bbox 158 3598 201 3664; x_wconf 88' lang='lat' dir='ltr'><strong>Ut</strong></span> <span class='ocrx_word' id='word_1_226' title='bbox 216 3599 364 3683; x_wconf 76' lang='lat' dir='ltr'><strong>fugerem</strong></span> <span class='ocrx_word' id='word_1_227' title='bbox 377 3601 536 3685; x_wconf 88' lang='lat' dir='ltr'><strong>exemplis</strong></span> <span class='ocrx_word' id='word_1_228' title='bbox 551 3602 703 3665; x_wconf 85' lang='lat' dir='ltr'><strong>vitiorum</strong></span> <span class='ocrx_word' id='word_1_229' title='bbox 717 3620 865 3684; x_wconf 84' lang='lat' dir='ltr'><strong>quaeque</strong></span> <span class='ocrx_word' id='word_1_230' title='bbox 880 3600 1031 3667; x_wconf 86' lang='lat' dir='ltr'><strong>notando.</strong></span> 
     </span>
    </p>
   </div>
   <div class='ocr_carea' id='block_1_3' title="bbox 318 3801 1009 3891">
    <p class='ocr_par' dir='ltr' id='par_1_25' title="bbox 318 3801 1009 3891">
     <span class='ocr_line' id='line_1_34' title="bbox 318 3801 1009 3891; baseline 0.004 -12"><span class='ocrx_word' id='word_1_231' title='bbox 318 3828 359 3879; x_wconf 77' lang='lat' dir='ltr'><strong>ro.</strong></span> <span class='ocrx_word' id='word_1_232' title='bbox 378 3828 467 3891; x_wconf 67' lang='lat' dir='ltr'><strong>raquo.</strong></span> <span class='ocrx_word' id='word_1_233' title='bbox 533 3830 574 3881; x_wconf 79' lang='lat' dir='ltr'><strong>er.</strong></span> <span class='ocrx_word' id='word_1_234' title='bbox 592 3829 797 3888; x_wconf 62' lang='lat' dir='ltr'><strong>meonnea</strong></span> <span class='ocrx_word' id='word_1_235' title='bbox 863 3828 918 3880; x_wconf 81' lang='lat' dir='ltr'><strong>roo.</strong></span> <span class='ocrx_word' id='word_1_236' title='bbox 935 3801 1009 3882; x_wconf 64' lang='lat' dir='ltr'><strong>ren</strong></span> 
     </span>
    </p>
   </div>
   <div class='ocr_carea' id='block_1_4' title="bbox 0 0 1426 4342">
    <p class='ocr_par' dir='ltr' id='par_1_26' title="bbox 0 0 1426 4342">
     <span class='ocr_line' id='line_1_35' title="bbox 0 0 1426 4342; baseline 0 1"><span class='ocrx_word' id='word_1_237' title='bbox 0 0 1426 4342; x_wconf 95' lang='lat' dir='ltr'><strong> </strong></span> 
     </span>
    </p>
   </div>
  </div>
 </body>
</html>
