2842 4342
471 306 632 357 munuc
680 305 848 358 uxum.
1097 282 1168 360 ull

192 466 346 531 Indotata
359 463 443 528 mihi
456 472 613 542 sererent,
628 461 827 545 paupercula
841 471 951 543 meter,

193 565 239 629 Et
252 563 376 628 fundus
390 581 451 627 nec
464 561 636 627 vendibilis
650 580 711 625 nec
726 580 856 645 pascere
870 559 994 642 firmus,

192 665 265 736 Qui
279 664 366 743 dicit,
381 662 520 727 clamat:
543 662 675 726 Victum
689 660 784 725 date!
828 660 974 725 Succinit
987 660 1085 725 alter:

194 763 241 827 Et
253 762 336 827 mihi
350 761 484 825 dividuo
498 760 640 826 findetur
654 779 789 825 munere
803 759 935 842 quadra.

194 861 498 944 Sedtacitus-pasci
512 861 541 924 si
555 870 663 945 posset
676 879 803 940 corvus,
819 859 950 922 haberet
1129 861 1172 924 50

195 962 278 1026 Plus
291 960 394 1044 dapis,
409 971 441 1024 et
455 961 545 1031 rixae
559 961 663 1025 multo
677 960 788 1023 minus
802 957 1017 1039 invidiaeque.

194 1061 408 1127 Brrmdisium
421 1078 530 1124 comes
544 1069 603 1123 sut
617 1059 810 1125 Surrentum
824 1058 945 1122 ductus
959 1076 1144 1138 amoenum,
1171 1139 1173 1141 ‚

194 1163 267 1234 Qui
281 1161 426 1245 queritur
439 1159 582 1224 salebras
596 1170 629 1224 et
642 1161 795 1225 acerbum
808 1159 911 1244 frigus
925 1169 958 1224 et
972 1159 1098 1240 imbres,

196 1262 264 1326 Aut
279 1261 395 1325 cistam
408 1259 576 1324 effractam
589 1269 622 1323 et
635 1258 798 1324 subducta
811 1259 931 1324 viatica
944 1259 1056 1343 plorat,

195 1359 284 1424 Nota
297 1357 392 1424 refert
404 1359 579 1423 meretricis
594 1358 756 1438 acumina,
772 1378 867 1442 saepe
881 1358 1035 1423 catellam
1129 1359 1172 1424 55

195 1458 302 1541 Saepe
315 1456 536 1541 periscelidem
550 1467 676 1542 raptam
690 1458 752 1522 sibi
765 1456 881 1539 flentis,
897 1458 945 1521 uti
959 1477 1038 1522 mox

196 1557 299 1622 Nulla
311 1556 394 1621 fides
408 1556 538 1621 damnis
552 1557 700 1640 verisque
715 1556 877 1621 doloribus
891 1556 985 1620 adsit

196 1656 267 1721 Nec
282 1656 382 1720 semel
396 1656 508 1720 irrisus
523 1656 625 1720 triviis
638 1655 782 1719 attollere
796 1665 889 1719 curat

197 1756 317 1820 Fracto
331 1775 423 1820 crure
436 1755 592 1839 planum
614 1756 690 1819 licet
703 1754 752 1818 illi
765 1754 905 1836 plurima
919 1763 1030 1817 manet

197 1853 359 1934 Lacrima,
374 1873 430 1937 per
443 1864 595 1918 sanctum
604 1854 735 1938 juratus
749 1852 837 1916 dicat
851 1851 990 1916 Osirim:
1131 1852 1174 1916 60

196 1952 335 2034 Credite,
350 1973 417 2018 non
430 1953 527 2037 ludn;
550 1954 706 2035 crudeles,
722 1951 822 2017 tollite
836 1951 1001 2016 claudum

196 2053 331 2124 Quaere
344 2053 557 2139 peregrinum,
572 2053 694 2119 vicinia
708 2072 808 2118 rauca
821 2052 986 2118 reclamet
1104 2082 1111 2095 ·

487 2597 702 2661 urlauouu
727 2598 854 2661 XVIII.

519 2797 574 2841 An
603 2797 810 2843 uotorum.

238 2974 275 3037 Si
290 2973 373 3036 bene
387 2984 418 3037 te
432 2978 518 3055 novi,
533 2986 667 3057 metues,
682 2974 841 3040 liberrime
855 2973 949 3055 Lolli,

196 3072 383 3138 Scurrantis
396 3075 537 3157 speeiem
551 3077 710 3160 praebere,
726 3073 888 3158 professus
902 3073 1055 3139 amicum

197 3173 244 3239 Ut
256 3184 406 3239 matrone
419 3176 576 3240 meretrici
590 3176 700 3259 disper
714 3176 774 3240 erit
787 3185 886 3258 atque

198 3272 354 3353 Discolor,
369 3274 471 3338 infido
485 3294 613 3340 scrurae
627 3275 759 3339 distabit
772 3276 908 3339 amicus

197 3371 260 3436 Est
273 3373 352 3437 huie
365 3373 531 3439 diversum
545 3375 623 3440 vitio
637 3375 756 3439 vitium
770 3393 865 3457 prope
880 3373 996 3457 majus,
1151 3377 1172 3441 5

196 3472 362 3555 Asperitas
376 3475 511 3556 agrestia
523 3485 557 3539 et
569 3476 767 3539 inconcinna
781 3473 961 3557 gravisque,

195 3570 296 3640 Quae
310 3591 345 3635 se
359 3575 568 3638 commendat
582 3585 676 3638 tonsa
688 3584 773 3650 cute,
787 3573 939 3638 dentibus
952 3572 1038 3655 auis,
1073 3598 1078 3607 ·

196 3668 288 3734 Dum
301 3671 374 3735 vult
387 3671 517 3738 libertas
531 3673 596 3738 dici
609 3693 698 3738 mers
712 3694 854 3758 vereque
867 3674 978 3738 virtus.

195 3766 305 3834 Virtus
318 3781 369 3835 est
382 3772 528 3837 medium
541 3773 694 3838 vitiorum
707 3784 741 3838 et
754 3775 905 3859 utrinque
918 3772 1097 3839 reductum
