2842 4342
523 356 681 408 mnan
730 358 835 408 &VI-

164 523 278 585 Causa
290 517 355 581 fnit
368 527 459 599 peter
471 514 531 593 hie,
547 514 605 596 qui
619 533 728 577 macro
742 534 864 597 pauper
877 514 981 598 agello

165 620 280 686 Noluit
294 619 329 681 in
344 615 444 680 Flavi
456 613 572 677 ludum
587 633 638 676 me
654 614 787 693 mittere,
802 614 913 696 magni

166 721 249 791 Quo
262 717 354 800 pueri
368 714 497 797 magnis
511 734 529 776 e
543 713 785 776 centurionibus
799 714 867 792 orti,

171 819 280 882 [nevo
295 815 444 897 suspensi
460 811 581 875 loculos
597 811 808 894 tabulamque
822 812 948 892 lacerto,

170 918 267 981 Ibant
280 914 406 976 octonis
419 910 590 975 referentes
605 910 720 974 Idibus
734 931 830 992 aera;
1146 916 1187 979 ⁷⁶

169 1015 237 1079 Sed
252 1032 392 1097 puerum
406 1022 455 1074 est
468 1030 571 1074 ausus
584 1011 726 1074 Romam
740 1021 864 1092 portare
879 1007 1063 1075 docendum

170 1116 273 1192 Artes,
289 1131 372 1194 quas
386 1109 501 1173 doceat
514 1110 623 1191 quivis
637 1128 737 1191 eques
751 1119 848 1191 atque
863 1120 991 1174 senator

169 1213 282 1277 Semet
295 1218 475 1292 prognatos.
519 1208 650 1271 Vestem
664 1227 837 1291 servosque
852 1219 1030 1290 sequentes,

170 1312 212 1375 ln
227 1328 347 1392 magno
362 1319 399 1371 nt
411 1307 539 1390 populo,
555 1307 655 1389 siqui
669 1306 811 1387 vidisset,
827 1308 916 1371 avita

172 1408 597 1491 Exrepraeberioumpnrs
612 1406 942 1477 mihicrederetillos.
1148 1410 1191 1475 80

172 1510 247 1591 lpoe
261 1507 343 1571 mihi
357 1516 464 1570 custos
479 1505 772 1589 incorruptissimus
786 1525 898 1570 omnes

173 1609 307 1672 Circum
321 1606 469 1670 doctores
483 1605 602 1669 aderat„
646 1605 739 1676 Quid
753 1605 881 1670 multo?
901 1606 1068 1689 pudicum,

172 1707 246 1778 Qui
259 1707 383 1789 primus
396 1705 642 1769 virtutis.honos
656 1705 798 1768 servavit
812 1705 854 1768 ab
868 1706 957 1769 omni

175 1805 249 1870 Non
264 1804 370 1867 solnm
384 1803 479 1885 sacto,
492 1822 608 1866 verum
621 1803 788 1886 opprobrio
802 1822 932 1885 quoque
947 1805 1049 1887 turpi3

175 1904 243 1969 Noc
259 1904 375 1983 timuit,
391 1903 451 1967 sibi
465 1923 507 1966 ne
521 1903 600 1966 vitio
613 1903 687 1984 quie
700 1912 845 1981 verteret,
862 1902 940 1967 olirn
1150 1904 1192 1969 85

174 2003 212 2066 Si
226 2021 341 2084 praeco
355 2020 473 2084 parvae
487 2011 553 2081 aut,
568 2011 606 2065 nt
619 2000 681 2065 fuit
696 2001 773 2083 ipse,
788 2012 916 2065 coactor

175 2100 341 2164 Mercedee
350 2119 513 2183 coquerem
529 2119 634 2182 neque
643 2119 703 2182 ego
709 2119 817 2163 essem
825 2112 975 2183 questum
991 2110 1025 2165 at
1033 2101 1095 2166 hoe
1103 2119 1193 2167 nunc

175 2200 266 2263 Inus
280 2200 328 2263 illi
341 2199 476 2263 debetur
489 2210 521 2262 et
534 2219 556 2262 a
566 2217 619 2262 me
632 2200 736 2281 gratia
750 2201 858 2283 major.

176 2298 232 2362 Nil
245 2318 299 2361 me
312 2299 474 2381 poeniteat
488 2316 607 2361 eanum
621 2298 720 2381 patris
734 2298 850 2383 hujus;
873 2317 975 2381 eoque

178 2396 262 2474 Non,
277 2408 316 2459 ut
329 2416 451 2480 magna
464 2395 539 2460 dolo
552 2396 677 2460 sactum
690 2408 790 2479 negat
804 2392 875 2485 esse
890 2417 949 2462 suo
963 2418 1045 2481 pars,
1150 2399 1194 2464 90

175 2494 279 2565 Quod
293 2514 358 2559 non
373 2496 531 2578 ingenuos
546 2496 664 2559 habeat
677 2495 844 2578 clarosque
859 2508 1013 2579 parentes,

176 2595 232 2658 Sic
247 2614 300 2657 rne
314 2593 494 2658 defendam.
538 2594 650 2678 Longe
664 2614 739 2658 mea
752 2595 911 2679 discrepat
924 2597 993 2660 istie

177 2693 223 2756 Et
237 2712 303 2756 vox
318 2704 349 2755 et
363 2694 461 2775 ratio;
484 2713 563 2757 nam
577 2695 605 2757 si
620 2706 737 2758 natum
746 2696 872 2779 juberet

178 2794 209 2854 Α
222 2792 317 2854 certis
332 2793 427 2855 annis
440 2812 560 2855 aevum
575 2812 715 2857 remeare
729 2805 904 2876 peractum,

177 2891 286 2971 Atque
304 2890 383 2953 alioa
394 2890 506 2973 legere,
522 2890 565 2954 ad
579 2890 701 2956 fastum
716 2912 926 2975 quoscunque
941 2903 1089 2976 parentes
1151 2892 1194 2958 95

178 2988 314 3070 Optaret
328 2989 389 3052 eibi
402 2990 559 3072 quisqne3
582 2991 663 3054 meis
677 3001 849 3055 contentus
864 2992 1013 3055 honestos

179 3087 341 3151 Fascibus
354 3097 387 3150 et
400 3088 487 3151 sellia
502 3088 621 3152 nollem
635 3090 717 3154 mihi
732 3111 867 3171 sumere,
884 3090 1017 3157 demens

177 3184 309 3249 Judicio
323 3185 423 3267 vulgi,
439 3207 540 3251 sanna
554 3186 689 3252 fortasse
704 3200 769 3269 tuo,
785 3190 872 3272 quod

179 3282 312 3348 Nollem
327 3303 419 3365 orme,
434 3286 524 3350 houd
540 3306 688 3369 unquam
703 3289 825 3367 solitus,
840 3299 964 3371 portare
979 3290 1161 3357 molestum.

179 3381 268 3447 Nam
282 3384 364 3447 mihi
378 3386 532 3449 continuo
545 3389 647 3471 major
660 3386 846 3469 quaerenda
860 3386 940 3450 foret
955 3408 1012 3469 res,
1133 3387 1196 3454 100

181 3482 290 3565 Atque
304 3482 472 3548 salutandiv
482 3485 598 3568 plures,
614 3485 783 3550 ducendus
798 3496 931 3549 eternus

183 3580 226 3643 Et
239 3599 350 3644 cornea
364 3581 453 3663 alter,
469 3586 517 3647 uti
531 3604 575 3647 ne
589 3584 678 3649 colus
691 3604 789 3648 rusve
804 3604 973 3668 peregreve

298 3792 447 3858 ⁷22¹an
514 3797 792 3858 87.adhoc;obhoe.
859 3798 1088 3864 mammen
1207 3759 1213 3769 ¹

681 3893 702 3955 9
