2842 4342
202 339 272 409 lea
597 350 814 403 sumanus!

240 512 294 591 Ut,
306 510 456 593 quamvis
472 517 556 571 tacet
569 507 799 590 Hermogenes,
810 516 923 570 cantor
937 516 1047 570 tamen
1061 518 1161 591 atque

242 609 394 692 Optimus
409 616 460 669 est
474 605 677 686 modulato13
699 615 738 669 ut
751 604 889 669 Alfenus
904 604 1003 685 vafer,
1017 607 1107 670 omni
1156 607 1221 673 130

241 710 375 794 Abjecto
389 708 602 772 instrumento
615 706 694 769 artis
707 705 885 787 clausaque
900 706 1041 786 taberna,

240 809 337 873 Sutor
350 817 426 888 erat,
442 807 569 889 sapiens
583 805 687 887 operis
701 805 749 868 sic
762 804 904 886 optimus
918 805 1024 868 omnis

240 907 303 971 Est
316 906 424 990 opifex
439 905 537 985 soliis,
553 904 600 968 sic
614 924 681 968 rex„
726 903 859 968 Vellunt
873 905 931 967 tibi
943 905 1079 969 barbmu

239 1006 371 1071 Lasciri
383 1006 494 1089 pueri;
517 1023 599 1087 quos
614 1013 651 1068 tu
664 1004 728 1067 uisi
742 1001 827 1066 suste
841 1012 975 1084 coerces,

240 1105 791 1189 Urgeristurbacircumtestante,
806 1102 966 1184 miserque
1153 1103 1218 1168 135

239 1205 419 1287 Rumperis,
434 1213 467 1268 et
480 1204 587 1284 latras,
598 1221 793 1285 magnorum
807 1202 951 1265 maxime
964 1220 1086 1285 regom

239 1304 290 1370 Nc
304 1305 438 1387 longum
451 1301 589 1367 acam:
611 1302 692 1365 dum
705 1311 744 1365 tu
757 1301 938 1384 quadrante
952 1301 1099 1365 lavatum

240 1402 314 1467 Rex
328 1403 396 1483 ibis,
412 1421 518 1485 neque
532 1412 563 1466 te
577 1402 754 1484 quisquam
769 1401 909 1484 stipator,
924 1401 1071 1483 ineptum

240 1502 369 1567 Praeter
383 1501 578 1584 Crispinum,
593 1500 774 1580 sectabitur,
789 1499 919 1563 etmihi
933 1498 1045 1563 dtrlces

239 1602 418 1684 Ignosceut,
434 1601 463 1664 si
476 1599 556 1682 quid
569 1619 703 1683 peccaro
718 1599 845 1678 stultns,
861 1599 979 1663 amici:
1152 1599 1216 1663 140

239 1701 343 1782 Inque
357 1701 463 1764 vicem
477 1699 606 1764 illorum
620 1698 725 1782 patiar
739 1697 857 1762 delicta
871 1698 1012 1780 libenter,

238 1801 452 1884 Privattuque
466 1799 572 1883 magis
585 1799 698 1864 viram
711 1808 743 1861 te
756 1818 831 1882 rege
845 1799 969 1863 beatus

578 2478 739 2541 saulae
769 2478 826 2541 IV.

301 2730 438 2814 Eupolis
453 2741 550 2814 atque
562 2731 713 2796 Cratinus
722 2733 1019 2816 Aristophanesque
1033 2741 1146 2816 poetae

259 2832 368 2913 Atque
383 2829 446 2911 alli,
461 2850 602 2914 quorum
615 2831 781 2896 comoedia
795 2832 900 2915 prisca
913 2832 1055 2896 virorum
1069 2840 1126 2910 est,

259 2930 384 3012 Siquis
397 2940 466 2994 erat
480 2930 599 3013 dignus
613 2931 758 3011 describi,
774 2930 862 3014 quod
875 2931 984 2996 malus
998 2951 1037 2995 ac
1051 2929 1111 3010 fur,

259 3026 362 3098 Quod
375 3029 531 3091 moechus
546 3027 633 3109 foret,
649 3039 708 3093 aut
722 3030 866 3110 sicarius,
882 3040 941 3093 aut
954 3029 1073 3111 alioqui

260 3127 431 3208 Famosus,
447 3127 552 3191 multa
566 3147 643 3192 cum
657 3129 802 3193 libertate
816 3129 979 3192 notabant
1190 3127 1212 3190 ὅ

260 3225 346 3290 Hinc
361 3226 467 3290 omnis
481 3226 599 3310 pendet
612 3227 769 3308 Lucilius,
780 3228 878 3291 hosce
893 3238 1032 3306 secutus,

261 3324 397 3389 Mutatis
411 3335 539 3390 tantum
554 3326 690 3410 pedibus
704 3328 931 3409 numerisque;
952 3325 1084 3404 facetus,

260 3423 447 3487 Emunctae
462 3427 558 3506 uaris,
574 3426 675 3489 durus
689 3445 878 3508 componere
894 3444 1015 3488 versus,

261 3522 349 3586 Nam
363 3521 424 3587 suit
438 3524 501 3588 hoo
517 3524 668 3589 vitiosus:
692 3525 727 3588 in
741 3526 821 3589 hora
835 3544 931 3608 saepo
946 3523 1111 3603 ducentos,

261 3620 307 3686 Ut
320 3641 486 3706 magnum,
502 3643 614 3688 versas
628 3624 770 3688 dictabat
784 3634 874 3688 stans
888 3624 969 3707 pede
983 3624 1017 3689 in
1032 3643 1106 3688 uuo.
1174 3624 1215 3687 10

455 3820 509 3870 1³2.
527 3820 631 3874 Tonsor.
732 3823 758 3874 Β.
772 3826 802 3874 iv.
814 3825 838 3875 3.
856 3835 898 3874 aut
909 3823 953 3874 far.
