<?xml version="1.0" encoding="UTF-8"?>
<!DOCTYPE html PUBLIC "-//W3C//DTD XHTML 1.0 Transitional//EN"
    "http://www.w3.org/TR/xhtml1/DTD/xhtml1-transitional.dtd">
<html xmlns="http://www.w3.org/1999/xhtml" xml:lang="en" lang="en">
 <head>
  <title>
</title>
<meta http-equiv="Content-Type" content="text/html;charset=utf-8" />
  <meta name='ocr-system' content='tesseract 3.04.00' />
  <meta name='ocr-capabilities' content='ocr_page ocr_carea ocr_par ocr_line ocrx_word'/>
</head>
<body>
  <div class='ocr_page' id='page_1' title='image "./workshorace09horagoog_0171.png"; bbox 0 0 2842 4342; ppageno 0'>
   <div class='ocr_carea' id='block_1_1' title="bbox 553 373 1214 446">
    <p class='ocr_par' dir='ltr' id='par_1_1' title="bbox 553 326 1214 446">
     <span class='ocr_line' id='line_1_1' title="bbox 553 373 1214 446; baseline 0.012 -9"><span class='ocrx_word' id='word_1_1' title='bbox 553 386 664 437; x_wconf 77' lang='lat' dir='ltr'>mana</span> <span class='ocrx_word' id='word_1_2' title='bbox 687 387 738 438; x_wconf 87' lang='lat' dir='ltr'>rv.</span> <span class='ocrx_word' id='word_1_3' title='bbox 788 387 818 438; x_wconf 83' lang='lat' dir='ltr'>n</span> <span class='ocrx_word' id='word_1_4' title='bbox 845 389 880 438; x_wconf 90' lang='lat' dir='ltr'><strong>v</strong></span> <span class='ocrx_word' id='word_1_5' title='bbox 1144 373 1214 446; x_wconf 73' lang='lat' dir='ltr'>lat</span> 
     </span>
    </p>
   </div>
   <div class='ocr_carea' id='block_1_2' title="bbox 322 543 859 707">
    <p class='ocr_par' dir='ltr' id='par_1_2' title="bbox 322 543 859 707">
     <span class='ocr_line' id='line_1_2' title="bbox 322 543 859 627; baseline -0.006 -18"><span class='ocrx_word' id='word_1_6' title='bbox 322 543 456 609; x_wconf 80' lang='lat' dir='ltr'>Affulsit</span> <span class='ocrx_word' id='word_1_7' title='bbox 469 543 595 627; x_wconf 88' lang='lat' dir='ltr'>populo,</span> <span class='ocrx_word' id='word_1_8' title='bbox 611 543 729 626; x_wconf 79' lang='lat' dir='ltr'>gratior</span> <span class='ocrx_word' id='word_1_9' title='bbox 741 543 767 606; x_wconf 91' lang='lat' dir='ltr'>it</span> <span class='ocrx_word' id='word_1_10' title='bbox 780 543 859 623; x_wconf 88' lang='lat' dir='ltr'>dies,</span> 
     </span>
     <span class='ocr_line' id='line_1_3' title="bbox 406 641 806 707; baseline -0.003 0"><span class='ocrx_word' id='word_1_11' title='bbox 406 643 453 707; x_wconf 85' lang='lat' dir='ltr'>Et</span> <span class='ocrx_word' id='word_1_12' title='bbox 466 642 549 705; x_wconf 92' lang='lat' dir='ltr'>soles</span> <span class='ocrx_word' id='word_1_13' title='bbox 563 641 681 706; x_wconf 89' lang='lat' dir='ltr'>melius</span> <span class='ocrx_word' id='word_1_14' title='bbox 694 643 806 706; x_wconf 82' lang='lat' dir='ltr'>nitent</span> 
     </span>
    </p>
   </div>
   <div class='ocr_carea' id='block_1_3' title="bbox 324 824 1018 1203">
    <p class='ocr_par' dir='ltr' id='par_1_3' title="bbox 325 824 1018 909">
     <span class='ocr_line' id='line_1_4' title="bbox 325 824 1018 909; baseline 0 -19"><span class='ocrx_word' id='word_1_15' title='bbox 325 826 372 890; x_wconf 92' lang='lat' dir='ltr'>Ut</span> <span class='ocrx_word' id='word_1_16' title='bbox 384 836 487 888; x_wconf 86' lang='lat' dir='ltr'>mater</span> <span class='ocrx_word' id='word_1_17' title='bbox 496 827 659 909; x_wconf 77' lang='lat' dir='ltr'>juvenem,</span> <span class='ocrx_word' id='word_1_18' title='bbox 674 844 774 907; x_wconf 90' lang='lat' dir='ltr'>quem</span> <span class='ocrx_word' id='word_1_19' title='bbox 788 824 894 889; x_wconf 87' lang='lat' dir='ltr'>Notus</span> <span class='ocrx_word' id='word_1_20' title='bbox 907 825 1018 890; x_wconf 84' lang='lat' dir='ltr'>invido</span> 
     </span>
    </p>

    <p class='ocr_par' dir='ltr' id='par_1_4' title="bbox 325 922 982 1006">
     <span class='ocr_line' id='line_1_5' title="bbox 325 922 982 1006; baseline -0.002 -18"><span class='ocrx_word' id='word_1_21' title='bbox 325 924 427 989; x_wconf 77' lang='lat' dir='ltr'>Flatu</span> <span class='ocrx_word' id='word_1_22' title='bbox 444 923 611 1006; x_wconf 79' lang='lat' dir='ltr'>Carpathii</span> <span class='ocrx_word' id='word_1_23' title='bbox 623 933 714 986; x_wconf 74' lang='lat' dir='ltr'>nans</span> <span class='ocrx_word' id='word_1_24' title='bbox 729 922 827 986; x_wconf 89' lang='lat' dir='ltr'>maris</span> <span class='ocrx_word' id='word_1_25' title='bbox 841 943 982 1005; x_wconf 86' lang='lat' dir='ltr'>aequora</span> 
     </span>
    </p>

    <p class='ocr_par' dir='ltr' id='par_1_5' title="bbox 324 1022 929 1203">
     <span class='ocr_line' id='line_1_6' title="bbox 324 1022 929 1105; baseline -0.005 -18"><span class='ocrx_word' id='word_1_26' title='bbox 324 1023 541 1087; x_wconf 78' lang='lat' dir='ltr'><strong>Cunctantem</strong></span> <span class='ocrx_word' id='word_1_27' title='bbox 555 1022 658 1105; x_wconf 89' lang='lat' dir='ltr'>spatio</span> <span class='ocrx_word' id='word_1_28' title='bbox 673 1022 803 1105; x_wconf 82' lang='lat' dir='ltr'>longius</span> <span class='ocrx_word' id='word_1_29' title='bbox 817 1041 929 1087; x_wconf 88' lang='lat' dir='ltr'>annuo</span> 
     </span>
     <span class='ocr_line' id='line_1_7' title="bbox 409 1120 809 1203; baseline -0.005 -17"><span class='ocrx_word' id='word_1_30' title='bbox 409 1122 508 1186; x_wconf 86' lang='lat' dir='ltr'>Dulci</span> <span class='ocrx_word' id='word_1_31' title='bbox 522 1122 654 1185; x_wconf 89' lang='lat' dir='ltr'>distinet</span> <span class='ocrx_word' id='word_1_32' title='bbox 667 1141 688 1185; x_wconf 91' lang='lat' dir='ltr'>a</span> <span class='ocrx_word' id='word_1_33' title='bbox 702 1120 809 1203; x_wconf 91' lang='lat' dir='ltr'>domo,</span> 
     </span>
    </p>
   </div>
   <div class='ocr_carea' id='block_1_4' title="bbox 325 1318 980 1699">
    <p class='ocr_par' dir='ltr' id='par_1_6' title="bbox 326 1318 980 1402">
     <span class='ocr_line' id='line_1_8' title="bbox 326 1318 980 1402; baseline 0.005 -20"><span class='ocrx_word' id='word_1_34' title='bbox 326 1318 415 1383; x_wconf 82' lang='lat' dir='ltr'>Votis</span> <span class='ocrx_word' id='word_1_35' title='bbox 429 1319 656 1402; x_wconf 77' lang='lat' dir='ltr'><strong>ominibusque</strong></span> <span class='ocrx_word' id='word_1_36' title='bbox 669 1329 703 1383; x_wconf 94' lang='lat' dir='ltr'>et</span> <span class='ocrx_word' id='word_1_37' title='bbox 716 1320 864 1402; x_wconf 81' lang='lat' dir='ltr'><strong>precibus</strong></span> <span class='ocrx_word' id='word_1_38' title='bbox 878 1330 980 1402; x_wconf 83' lang='lat' dir='ltr'>vocat,</span> 
     </span>
    </p>

    <p class='ocr_par' dir='ltr' id='par_1_7' title="bbox 325 1417 926 1500">
     <span class='ocr_line' id='line_1_9' title="bbox 325 1417 926 1500; baseline 0 -17"><span class='ocrx_word' id='word_1_39' title='bbox 325 1419 433 1483; x_wconf 83' lang='lat' dir='ltr'>Curvo</span> <span class='ocrx_word' id='word_1_40' title='bbox 447 1438 508 1483; x_wconf 88' lang='lat' dir='ltr'>neo</span> <span class='ocrx_word' id='word_1_41' title='bbox 522 1417 642 1482; x_wconf 84' lang='lat' dir='ltr'>faeiem</span> <span class='ocrx_word' id='word_1_42' title='bbox 656 1418 746 1482; x_wconf 89' lang='lat' dir='ltr'>litore</span> <span class='ocrx_word' id='word_1_43' title='bbox 774 1418 926 1500; x_wconf 78' lang='lat' dir='ltr'>dimovet,</span> 
     </span>
    </p>

    <p class='ocr_par' dir='ltr' id='par_1_8' title="bbox 326 1517 928 1699">
     <span class='ocr_line' id='line_1_10' title="bbox 326 1517 928 1598; baseline 0 -16"><span class='ocrx_word' id='word_1_44' title='bbox 326 1517 388 1598; x_wconf 87' lang='lat' dir='ltr'>Sic,</span> <span class='ocrx_word' id='word_1_45' title='bbox 403 1517 568 1581; x_wconf 72' lang='lat' dir='ltr'>desideriis</span> <span class='ocrx_word' id='word_1_46' title='bbox 582 1518 647 1581; x_wconf 85' lang='lat' dir='ltr'>icta</span> <span class='ocrx_word' id='word_1_47' title='bbox 661 1517 821 1598; x_wconf 82' lang='lat' dir='ltr'>fidelibus,</span> <span class='ocrx_word' id='word_1_48' title='bbox 925 1588 928 1593; x_wconf 65' lang='grc'><strong>,</strong></span> 
     </span>
     <span class='ocr_line' id='line_1_11' title="bbox 408 1617 865 1699; baseline 0.004 -20"><span class='ocrx_word' id='word_1_49' title='bbox 408 1617 548 1688; x_wconf 78' lang='lat' dir='ltr'>Quaerit</span> <span class='ocrx_word' id='word_1_50' title='bbox 560 1617 664 1699; x_wconf 89' lang='lat' dir='ltr'>patria</span> <span class='ocrx_word' id='word_1_51' title='bbox 678 1617 865 1682; x_wconf 80' lang='lat' dir='ltr'>Caesarem.</span> 
     </span>
    </p>
   </div>
   <div class='ocr_carea' id='block_1_5' title="bbox 326 1812 989 2193">
    <p class='ocr_par' dir='ltr' id='par_1_9' title="bbox 326 1812 957 1896">
     <span class='ocr_line' id='line_1_12' title="bbox 326 1812 957 1896; baseline 0.002 -20"><span class='ocrx_word' id='word_1_52' title='bbox 326 1812 436 1876; x_wconf 75' lang='lat' dir='ltr'>&#39;Putris</span> <span class='ocrx_word' id='word_1_53' title='bbox 450 1813 508 1876; x_wconf 92' lang='lat' dir='ltr'>bos</span> <span class='ocrx_word' id='word_1_54' title='bbox 522 1818 642 1877; x_wconf 81' lang='lat' dir='ltr'>etenim</span> <span class='ocrx_word' id='word_1_55' title='bbox 656 1833 732 1877; x_wconf 89' lang='lat' dir='ltr'>rura</span> <span class='ocrx_word' id='word_1_56' title='bbox 745 1812 957 1896; x_wconf 81' lang='lat' dir='ltr'>perambulat,</span> 
     </span>
    </p>

    <p class='ocr_par' dir='ltr' id='par_1_10' title="bbox 326 1910 989 1994">
     <span class='ocr_line' id='line_1_13' title="bbox 326 1910 989 1994; baseline 0.002 -20"><span class='ocrx_word' id='word_1_57' title='bbox 326 1910 435 1975; x_wconf 87' lang='lat' dir='ltr'>Nutrit</span> <span class='ocrx_word' id='word_1_58' title='bbox 448 1931 522 1975; x_wconf 88' lang='lat' dir='ltr'>rnra</span> <span class='ocrx_word' id='word_1_59' title='bbox 537 1912 633 1975; x_wconf 83' lang='lat' dir='ltr'>Ceres</span> <span class='ocrx_word' id='word_1_60' title='bbox 647 1912 799 1994; x_wconf 89' lang='lat' dir='ltr'>almaque</span> <span class='ocrx_word' id='word_1_61' title='bbox 814 1911 989 1994; x_wconf 75' lang='lat' dir='ltr'>Faustitas,</span> 
     </span>
    </p>

    <p class='ocr_par' dir='ltr' id='par_1_11' title="bbox 328 2009 961 2193">
     <span class='ocr_line' id='line_1_14' title="bbox 328 2009 961 2095; baseline 0.003 -22"><span class='ocrx_word' id='word_1_62' title='bbox 328 2009 485 2073; x_wconf 81' lang='lat' dir='ltr'>Pacatum</span> <span class='ocrx_word' id='word_1_63' title='bbox 499 2009 635 2075; x_wconf 87' lang='lat' dir='ltr'>volitant</span> <span class='ocrx_word' id='word_1_64' title='bbox 648 2030 704 2095; x_wconf 90' lang='lat' dir='ltr'>per</span> <span class='ocrx_word' id='word_1_65' title='bbox 717 2030 808 2075; x_wconf 88' lang='lat' dir='ltr'>mare</span> <span class='ocrx_word' id='word_1_66' title='bbox 822 2011 961 2092; x_wconf 85' lang='lat' dir='ltr'>navitae,</span> 
     </span>
     <span class='ocr_line' id='line_1_15' title="bbox 410 2109 805 2193; baseline 0.003 -20"><span class='ocrx_word' id='word_1_67' title='bbox 410 2109 543 2192; x_wconf 84' lang='lat' dir='ltr'>Culpari</span> <span class='ocrx_word' id='word_1_68' title='bbox 557 2111 673 2175; x_wconf 89' lang='lat' dir='ltr'>metuit</span> <span class='ocrx_word' id='word_1_69' title='bbox 686 2109 805 2193; x_wconf 81' lang='lat' dir='ltr'>Fides3</span> 
     </span>
    </p>
   </div>
   <div class='ocr_carea' id='block_1_6' title="bbox 326 2304 1003 2691">
    <p class='ocr_par' dir='ltr' id='par_1_12' title="bbox 326 2304 980 2391">
     <span class='ocr_line' id='line_1_16' title="bbox 326 2304 980 2391; baseline 0.005 -23"><span class='ocrx_word' id='word_1_70' title='bbox 326 2304 434 2369; x_wconf 87' lang='lat' dir='ltr'>Nullis</span> <span class='ocrx_word' id='word_1_71' title='bbox 447 2306 601 2389; x_wconf 83' lang='lat' dir='ltr'>polluitur</span> <span class='ocrx_word' id='word_1_72' title='bbox 614 2317 705 2371; x_wconf 86' lang='lat' dir='ltr'>easta</span> <span class='ocrx_word' id='word_1_73' title='bbox 720 2307 837 2372; x_wconf 90' lang='lat' dir='ltr'>domus</span> <span class='ocrx_word' id='word_1_74' title='bbox 851 2309 980 2391; x_wconf 80' lang='lat' dir='ltr'>stupris,</span> 
     </span>
    </p>

    <p class='ocr_par' dir='ltr' id='par_1_13' title="bbox 327 2405 1003 2489">
     <span class='ocr_line' id='line_1_17' title="bbox 327 2405 1003 2489; baseline 0.007 -21"><span class='ocrx_word' id='word_1_75' title='bbox 327 2405 398 2469; x_wconf 83' lang='lat' dir='ltr'>Mos</span> <span class='ocrx_word' id='word_1_76' title='bbox 412 2416 445 2468; x_wconf 90' lang='lat' dir='ltr'>et</span> <span class='ocrx_word' id='word_1_77' title='bbox 458 2405 512 2469; x_wconf 84' lang='lat' dir='ltr'>lex</span> <span class='ocrx_word' id='word_1_78' title='bbox 526 2406 732 2470; x_wconf 80' lang='lat' dir='ltr'>maculosum</span> <span class='ocrx_word' id='word_1_79' title='bbox 745 2405 889 2472; x_wconf 87' lang='lat' dir='ltr'>edomuit</span> <span class='ocrx_word' id='word_1_80' title='bbox 903 2407 1003 2489; x_wconf 80' lang='lat' dir='ltr'>nefas,</span> 
     </span>
    </p>

    <p class='ocr_par' dir='ltr' id='par_1_14' title="bbox 326 2503 928 2691">
     <span class='ocr_line' id='line_1_18' title="bbox 326 2503 924 2589; baseline 0.007 -22"><span class='ocrx_word' id='word_1_81' title='bbox 326 2503 518 2569; x_wconf 78' lang='lat' dir='ltr'>Laudentur</span> <span class='ocrx_word' id='word_1_82' title='bbox 531 2505 629 2569; x_wconf 78' lang='lat' dir='ltr'>simili</span> <span class='ocrx_word' id='word_1_83' title='bbox 642 2505 730 2589; x_wconf 88' lang='lat' dir='ltr'>prole</span> <span class='ocrx_word' id='word_1_84' title='bbox 744 2525 924 2589; x_wconf 77' lang='lat' dir='ltr'>puerperae,</span> 
     </span>
     <span class='ocr_line' id='line_1_19' title="bbox 410 2603 928 2691; baseline 0.004 -25"><span class='ocrx_word' id='word_1_85' title='bbox 410 2603 550 2686; x_wconf 83' lang='lat' dir='ltr'>Culpam</span> <span class='ocrx_word' id='word_1_86' title='bbox 565 2623 669 2687; x_wconf 86' lang='lat' dir='ltr'>poena</span> <span class='ocrx_word' id='word_1_87' title='bbox 682 2604 800 2691; x_wconf 86' lang='lat' dir='ltr'>premit</span> <span class='ocrx_word' id='word_1_88' title='bbox 812 2621 928 2669; x_wconf 86' lang='lat' dir='ltr'>comes.</span> 
     </span>
    </p>
   </div>
   <div class='ocr_carea' id='block_1_7' title="bbox 327 2799 1215 3164">
    <p class='ocr_par' dir='ltr' id='par_1_15' title="bbox 327 2799 1215 3091">
     <span class='ocr_line' id='line_1_20' title="bbox 327 2799 1215 2885; baseline 0.006 -23"><span class='ocrx_word' id='word_1_89' title='bbox 327 2799 414 2871; x_wconf 79' lang='lat' dir='ltr'>Quis</span> <span class='ocrx_word' id='word_1_90' title='bbox 425 2800 583 2864; x_wconf 88' lang='lat' dir='ltr'>Parthum</span> <span class='ocrx_word' id='word_1_91' title='bbox 592 2812 720 2883; x_wconf 75' lang='lat' dir='ltr'>paveat,</span> <span class='ocrx_word' id='word_1_92' title='bbox 731 2802 805 2884; x_wconf 89' lang='lat' dir='ltr'>quis</span> <span class='ocrx_word' id='word_1_93' title='bbox 816 2802 959 2885; x_wconf 79' lang='lat' dir='ltr'>gelidum</span> <span class='ocrx_word' id='word_1_94' title='bbox 969 2803 1122 2885; x_wconf 81' lang='lat' dir='ltr'>Scythen,</span> <span class='ocrx_word' id='word_1_95' title='bbox 1173 2804 1215 2867; x_wconf 81' lang='lat'>25</span> 
     </span>
     <span class='ocr_line' id='line_1_21' title="bbox 328 2899 989 2984; baseline 0.005 -22"><span class='ocrx_word' id='word_1_96' title='bbox 328 2899 415 2969; x_wconf 73' lang='lat' dir='ltr'>Quis</span> <span class='ocrx_word' id='word_1_97' title='bbox 428 2899 603 2963; x_wconf 86' lang='lat' dir='ltr'>Germania</span> <span class='ocrx_word' id='word_1_98' title='bbox 616 2920 698 2983; x_wconf 91' lang='lat' dir='ltr'>quos</span> <span class='ocrx_word' id='word_1_99' title='bbox 713 2901 841 2965; x_wconf 87' lang='lat' dir='ltr'>horrida</span> <span class='ocrx_word' id='word_1_100' title='bbox 855 2902 989 2984; x_wconf 83' lang='lat' dir='ltr'>parturit</span> 
     </span>
     <span class='ocr_line' id='line_1_22' title="bbox 328 2997 978 3091; baseline 0.008 -31"><span class='ocrx_word' id='word_1_101' title='bbox 328 2997 438 3078; x_wconf 86' lang='lat' dir='ltr'>Fetus,</span> <span class='ocrx_word' id='word_1_102' title='bbox 454 2999 608 3063; x_wconf 84' lang='lat' dir='ltr'>ineolumi</span> <span class='ocrx_word' id='word_1_103' title='bbox 623 3001 784 3064; x_wconf 76' lang='lat' dir='ltr'>Caesarei</span> <span class='ocrx_word' id='word_1_104' title='bbox 805 2999 978 3091; x_wconf 21' lang='lat' dir='ltr'>quispserae</span> 
     </span>
    </p>

    <p class='ocr_par' dir='ltr' id='par_1_16' title="bbox 411 3098 833 3164">
     <span class='ocr_line' id='line_1_23' title="bbox 411 3098 833 3164; baseline 0.005 -2"><span class='ocrx_word' id='word_1_105' title='bbox 411 3098 541 3163; x_wconf 87' lang='lat' dir='ltr'>Bellum</span> <span class='ocrx_word' id='word_1_106' title='bbox 553 3111 645 3163; x_wconf 88' lang='lat' dir='ltr'>curet</span> <span class='ocrx_word' id='word_1_107' title='bbox 659 3100 833 3164; x_wconf 85' lang='lat' dir='ltr'>Hiberiael</span> 
     </span>
    </p>
   </div>
   <div class='ocr_carea' id='block_1_8' title="bbox 329 3293 1217 3672">
    <p class='ocr_par' dir='ltr' id='par_1_17' title="bbox 329 3293 1217 3574">
     <span class='ocr_line' id='line_1_24' title="bbox 329 3293 987 3379; baseline 0.005 -22"><span class='ocrx_word' id='word_1_108' title='bbox 329 3293 446 3358; x_wconf 78' lang='lat' dir='ltr'>Condit</span> <span class='ocrx_word' id='word_1_109' title='bbox 460 3297 597 3379; x_wconf 86' lang='lat' dir='ltr'>quisque</span> <span class='ocrx_word' id='word_1_110' title='bbox 611 3295 697 3361; x_wconf 90' lang='lat' dir='ltr'>diem</span> <span class='ocrx_word' id='word_1_111' title='bbox 711 3297 847 3361; x_wconf 85' lang='lat' dir='ltr'>collibus</span> <span class='ocrx_word' id='word_1_112' title='bbox 860 3298 895 3361; x_wconf 93' lang='lat' dir='ltr'>in</span> <span class='ocrx_word' id='word_1_113' title='bbox 910 3297 987 3377; x_wconf 86' lang='lat' dir='ltr'>suis,</span> 
     </span>
     <span class='ocr_line' id='line_1_25' title="bbox 329 3393 1217 3477; baseline 0.006 -21"><span class='ocrx_word' id='word_1_114' title='bbox 329 3393 374 3456; x_wconf 87' lang='lat' dir='ltr'>Et</span> <span class='ocrx_word' id='word_1_115' title='bbox 387 3396 487 3458; x_wconf 79' lang='lat' dir='ltr'>vitem</span> <span class='ocrx_word' id='word_1_116' title='bbox 501 3395 620 3459; x_wconf 86' lang='lat' dir='ltr'>viduas</span> <span class='ocrx_word' id='word_1_117' title='bbox 634 3396 724 3460; x_wconf 85' lang='lat' dir='ltr'>ducit</span> <span class='ocrx_word' id='word_1_118' title='bbox 739 3395 782 3459; x_wconf 91' lang='lat' dir='ltr'>ad</span> <span class='ocrx_word' id='word_1_119' title='bbox 796 3397 922 3459; x_wconf 84' lang='lat' dir='ltr'>arbores</span> <span class='ocrx_word' id='word_1_120' title='bbox 934 3416 942 3477; x_wconf 82' lang='lat'>3</span> <span class='ocrx_word' id='word_1_121' title='bbox 1173 3395 1217 3461; x_wconf 81' lang='lat'>30</span> 
     </span>
     <span class='ocr_line' id='line_1_26' title="bbox 329 3491 956 3574; baseline 0.002 -19"><span class='ocrx_word' id='word_1_122' title='bbox 329 3491 413 3556; x_wconf 87' lang='lat' dir='ltr'>Hinc</span> <span class='ocrx_word' id='word_1_123' title='bbox 429 3493 472 3556; x_wconf 84' lang='lat' dir='ltr'>ad</span> <span class='ocrx_word' id='word_1_124' title='bbox 486 3495 565 3557; x_wconf 81' lang='lat' dir='ltr'>vina</span> <span class='ocrx_word' id='word_1_125' title='bbox 578 3494 659 3558; x_wconf 88' lang='lat' dir='ltr'>redit</span> <span class='ocrx_word' id='word_1_126' title='bbox 674 3495 787 3574; x_wconf 87' lang='lat' dir='ltr'>laetus,</span> <span class='ocrx_word' id='word_1_127' title='bbox 802 3504 835 3557; x_wconf 90' lang='lat' dir='ltr'>et</span> <span class='ocrx_word' id='word_1_128' title='bbox 849 3493 956 3557; x_wconf 84' lang='lat' dir='ltr'>alteris</span> 
     </span>
    </p>

    <p class='ocr_par' dir='ltr' id='par_1_18' title="bbox 412 3592 877 3672">
     <span class='ocr_line' id='line_1_27' title="bbox 412 3592 877 3672; baseline -0.002 -17"><span class='ocrx_word' id='word_1_129' title='bbox 412 3592 464 3656; x_wconf 79' lang='lat' dir='ltr'>&#39;I&#39;e</span> <span class='ocrx_word' id='word_1_130' title='bbox 478 3594 600 3661; x_wconf 86' lang='lat' dir='ltr'>mensis</span> <span class='ocrx_word' id='word_1_131' title='bbox 615 3592 747 3656; x_wconf 87' lang='lat' dir='ltr'>adhibet</span> <span class='ocrx_word' id='word_1_132' title='bbox 760 3593 877 3672; x_wconf 79' lang='lat' dir='ltr'>deum3</span> 
     </span>
    </p>
   </div>
   <div class='ocr_carea' id='block_1_9' title="bbox 352 3772 1072 3906">
    <p class='ocr_par' dir='ltr' id='par_1_19' title="bbox 352 3772 1072 3906">
     <span class='ocr_line' id='line_1_28' title="bbox 352 3772 1072 3837; baseline 0.003 -13"><span class='ocrx_word' id='word_1_133' title='bbox 352 3774 374 3824; x_wconf 83' lang='grc'>7.</span> <span class='ocrx_word' id='word_1_134' title='bbox 393 3772 496 3826; x_wconf 75' lang='lat' dir='ltr'>Effnlsit.</span> <span class='ocrx_word' id='word_1_135' title='bbox 508 3775 570 3826; x_wconf 70' lang='lat' dir='ltr'>ltu.</span> <span class='ocrx_word' id='word_1_136' title='bbox 590 3777 679 3837; x_wconf 66' lang='lat' dir='ltr'>muer</span> <span class='ocrx_word' id='word_1_137' title='bbox 689 3785 715 3824; x_wconf 83' lang='lat' dir='ltr'>et</span> <span class='ocrx_word' id='word_1_138' title='bbox 725 3775 817 3826; x_wconf 59' lang='lat' dir='ltr'>‹lies-</span> <span class='ocrx_word' id='word_1_139' title='bbox 895 3777 933 3826; x_wconf 80' lang='lat'>14.</span> <span class='ocrx_word' id='word_1_140' title='bbox 952 3776 1072 3826; x_wconf 77' lang='lat' dir='ltr'>demovet.</span> 
     </span>
     <span class='ocr_line' id='line_1_29' title="bbox 647 3858 778 3906; baseline 0 -1"><span class='ocrx_word' id='word_1_141' title='bbox 647 3858 687 3906; x_wconf 80' lang='lat'>³1.</span> <span class='ocrx_word' id='word_1_142' title='bbox 705 3860 778 3906; x_wconf 73' lang='lat' dir='ltr'>venit.</span> 
     </span>
    </p>
   </div>
   <div class='ocr_carea' id='block_1_10' title="bbox 0 0 1434 4342">
    <p class='ocr_par' dir='ltr' id='par_1_20' title="bbox 0 0 1434 4342">
     <span class='ocr_line' id='line_1_30' title="bbox 0 0 1434 4342; baseline 0 0"><span class='ocrx_word' id='word_1_143' title='bbox 0 0 1434 4342; x_wconf 95' lang='lat' dir='ltr'> </span> 
     </span>
    </p>
   </div>
  </div>
 </body>
</html>
