<?xml version="1.0" encoding="UTF-8"?>
<!DOCTYPE html PUBLIC "-//W3C//DTD XHTML 1.0 Transitional//EN"
    "http://www.w3.org/TR/xhtml1/DTD/xhtml1-transitional.dtd">
<html xmlns="http://www.w3.org/1999/xhtml" xml:lang="en" lang="en">
 <head>
  <title>
</title>
<meta http-equiv="Content-Type" content="text/html;charset=utf-8" />
  <meta name='ocr-system' content='tesseract 3.04.00' />
  <meta name='ocr-capabilities' content='ocr_page ocr_carea ocr_par ocr_line ocrx_word'/>
</head>
<body>
  <div class='ocr_page' id='page_1' title='image "./workshorace09horagoog_0182.png"; bbox 0 0 2842 4342; ppageno 0'>
   <div class='ocr_carea' id='block_1_1' title="bbox 239 315 839 387">
    <p class='ocr_par' dir='ltr' id='par_1_1' title="bbox 239 315 839 387">
     <span class='ocr_line' id='line_1_1' title="bbox 239 315 839 387; baseline -0.01 -1"><span class='ocrx_word' id='word_1_1' title='bbox 239 315 310 387; x_wconf 75' lang='lat'><strong>134</strong></span> <span class='ocrx_word' id='word_1_2' title='bbox 638 327 839 381; x_wconf 69' lang='lat' dir='ltr'><strong>cremus</strong></span> 
     </span>
    </p>
   </div>
   <div class='ocr_carea' id='block_1_2' title="bbox 363 484 980 653">
    <p class='ocr_par' dir='ltr' id='par_1_2' title="bbox 363 484 980 653">
     <span class='ocr_line' id='line_1_2' title="bbox 363 484 980 569; baseline -0.005 -17"><span class='ocrx_word' id='word_1_3' title='bbox 363 489 549 552; x_wconf 84' lang='lat' dir='ltr'><strong>Immunem</strong></span> <span class='ocrx_word' id='word_1_4' title='bbox 562 485 698 550; x_wconf 85' lang='lat' dir='ltr'><strong>meditor</strong></span> <span class='ocrx_word' id='word_1_5' title='bbox 711 487 833 569; x_wconf 75' lang='lat' dir='ltr'><strong>ungere</strong></span> <span class='ocrx_word' id='word_1_6' title='bbox 847 484 980 569; x_wconf 81' lang='lat' dir='ltr'><strong>poculis,</strong></span> 
     </span>
     <span class='ocr_line' id='line_1_3' title="bbox 444 584 872 653; baseline -0.007 -3"><span class='ocrx_word' id='word_1_7' title='bbox 444 587 547 650; x_wconf 87' lang='lat' dir='ltr'><strong>Plena</strong></span> <span class='ocrx_word' id='word_1_8' title='bbox 561 584 653 650; x_wconf 87' lang='lat' dir='ltr'><strong>dives</strong></span> <span class='ocrx_word' id='word_1_9' title='bbox 667 595 705 649; x_wconf 92' lang='lat' dir='ltr'><strong>ut</strong></span> <span class='ocrx_word' id='word_1_10' title='bbox 718 585 753 649; x_wconf 90' lang='lat' dir='ltr'><strong>in</strong></span> <span class='ocrx_word' id='word_1_11' title='bbox 767 585 872 653; x_wconf 89' lang='lat' dir='ltr'><strong>domo.</strong></span> 
     </span>
    </p>
   </div>
   <div class='ocr_carea' id='block_1_3' title="bbox 360 782 1253 968">
    <p class='ocr_par' dir='ltr' id='par_1_3' title="bbox 360 782 1253 968">
     <span class='ocr_line' id='line_1_4' title="bbox 360 782 1253 868; baseline -0.002 -17"><span class='ocrx_word' id='word_1_12' title='bbox 360 787 482 851; x_wconf 83' lang='lat' dir='ltr'><strong>Verum</strong></span> <span class='ocrx_word' id='word_1_13' title='bbox 496 804 579 868; x_wconf 88' lang='lat' dir='ltr'><strong>pone</strong></span> <span class='ocrx_word' id='word_1_14' title='bbox 593 804 701 847; x_wconf 83' lang='lat' dir='ltr'><strong>moras</strong></span> <span class='ocrx_word' id='word_1_15' title='bbox 716 793 749 847; x_wconf 88' lang='lat' dir='ltr'><strong>et</strong></span> <span class='ocrx_word' id='word_1_16' title='bbox 763 782 910 848; x_wconf 85' lang='lat' dir='ltr'><strong>studium</strong></span> <span class='ocrx_word' id='word_1_17' title='bbox 924 782 1026 865; x_wconf 81' lang='lat' dir='ltr'><strong>lucri3</strong></span> <span class='ocrx_word' id='word_1_18' title='bbox 1209 784 1253 849; x_wconf 80' lang='lat'><strong>25</strong></span> 
     </span>
     <span class='ocr_line' id='line_1_5' title="bbox 360 882 1083 968; baseline -0.006 -19"><span class='ocrx_word' id='word_1_19' title='bbox 360 885 596 968; x_wconf 83' lang='lat' dir='ltr'><strong>Nigrorumque</strong></span> <span class='ocrx_word' id='word_1_20' title='bbox 610 902 740 965; x_wconf 88' lang='lat' dir='ltr'><strong>memor,</strong></span> <span class='ocrx_word' id='word_1_21' title='bbox 756 882 837 947; x_wconf 89' lang='lat' dir='ltr'><strong>dum</strong></span> <span class='ocrx_word' id='word_1_22' title='bbox 851 882 933 963; x_wconf 87' lang='lat' dir='ltr'><strong>licet,</strong></span> <span class='ocrx_word' id='word_1_23' title='bbox 949 882 1083 966; x_wconf 78' lang='lat' dir='ltr'><strong>ignium,</strong></span> 
     </span>
    </p>
   </div>
   <div class='ocr_carea' id='block_1_4' title="bbox 360 983 957 1168">
    <p class='ocr_par' dir='ltr' id='par_1_4' title="bbox 360 983 957 1168">
     <span class='ocr_line' id='line_1_6' title="bbox 360 983 957 1050; baseline -0.005 0"><span class='ocrx_word' id='word_1_24' title='bbox 360 985 462 1050; x_wconf 86' lang='lat' dir='ltr'><strong>Misce</strong></span> <span class='ocrx_word' id='word_1_25' title='bbox 476 985 647 1048; x_wconf 80' lang='lat' dir='ltr'><strong>stultitiam</strong></span> <span class='ocrx_word' id='word_1_26' title='bbox 660 983 802 1047; x_wconf 86' lang='lat' dir='ltr'><strong>consiliis</strong></span> <span class='ocrx_word' id='word_1_27' title='bbox 816 983 957 1047; x_wconf 81' lang='lat' dir='ltr'><strong>brevem</strong></span> 
     </span>
     <span class='ocr_line' id='line_1_7' title="bbox 444 1082 910 1168; baseline -0.006 -20"><span class='ocrx_word' id='word_1_28' title='bbox 444 1083 549 1149; x_wconf 81' lang='lat' dir='ltr'><strong>Dulce</strong></span> <span class='ocrx_word' id='word_1_29' title='bbox 563 1093 612 1148; x_wconf 85' lang='lat' dir='ltr'><strong>est</strong></span> <span class='ocrx_word' id='word_1_30' title='bbox 625 1084 768 1168; x_wconf 81' lang='lat' dir='ltr'><strong>desipere</strong></span> <span class='ocrx_word' id='word_1_31' title='bbox 783 1083 818 1147; x_wconf 91' lang='lat' dir='ltr'><strong>in</strong></span> <span class='ocrx_word' id='word_1_32' title='bbox 832 1082 910 1146; x_wconf 87' lang='lat' dir='ltr'><strong>loco.</strong></span> 
     </span>
    </p>
   </div>
   <div class='ocr_carea' id='block_1_5' title="bbox 590 1639 894 1704">
    <p class='ocr_par' dir='ltr' id='par_1_5' title="bbox 590 1639 894 1704">
     <span class='ocr_line' id='line_1_8' title="bbox 590 1639 894 1704; baseline -0.01 0"><span class='ocrx_word' id='word_1_33' title='bbox 590 1639 772 1704; x_wconf 78' lang='lat' dir='ltr'>OABMIIN</span> <span class='ocrx_word' id='word_1_34' title='bbox 799 1639 894 1702; x_wconf 88' lang='lat' dir='ltr'>XIII.</span> 
     </span>
    </p>
   </div>
   <div class='ocr_carea' id='block_1_6' title="bbox 621 1840 872 1886">
    <p class='ocr_par' dir='ltr' id='par_1_6' title="bbox 621 1840 872 1886">
     <span class='ocr_line' id='line_1_9' title="bbox 621 1840 872 1886; baseline 0 -2"><span class='ocrx_word' id='word_1_35' title='bbox 621 1841 669 1886; x_wconf 75' lang='lat' dir='ltr'><strong>IN</strong></span> <span class='ocrx_word' id='word_1_36' title='bbox 701 1840 872 1885; x_wconf 69' lang='lat' dir='ltr'><strong>mcum.</strong></span> 
     </span>
    </p>
   </div>
   <div class='ocr_carea' id='block_1_7' title="bbox 382 2015 961 2102">
    <p class='ocr_par' dir='ltr' id='par_1_7' title="bbox 382 2015 961 2102">
     <span class='ocr_line' id='line_1_10' title="bbox 382 2015 961 2102; baseline -0.007 -18"><span class='ocrx_word' id='word_1_37' title='bbox 382 2020 553 2099; x_wconf 82' lang='lat' dir='ltr'><strong>Audivere,</strong></span> <span class='ocrx_word' id='word_1_38' title='bbox 569 2018 667 2102; x_wconf 86' lang='lat' dir='ltr'><strong>Lyce,</strong></span> <span class='ocrx_word' id='word_1_39' title='bbox 683 2018 718 2083; x_wconf 82' lang='lat' dir='ltr'><strong>dr</strong></span> <span class='ocrx_word' id='word_1_40' title='bbox 732 2037 807 2084; x_wconf 83' lang='lat' dir='ltr'><strong>mes</strong></span> <span class='ocrx_word' id='word_1_41' title='bbox 820 2015 961 2100; x_wconf 79' lang='lat' dir='ltr'><strong>rots3d1</strong></span> 
     </span>
    </p>
   </div>
   <div class='ocr_carea' id='block_1_8' title="bbox 384 2118 1022 2201">
    <p class='ocr_par' dir='ltr' id='par_1_8' title="bbox 384 2118 1022 2201">
     <span class='ocr_line' id='line_1_11' title="bbox 384 2118 1022 2201; baseline -0.006 -14"><span class='ocrx_word' id='word_1_42' title='bbox 384 2119 553 2199; x_wconf 83' lang='lat' dir='ltr'><strong>Audivere,</strong></span> <span class='ocrx_word' id='word_1_43' title='bbox 569 2119 676 2201; x_wconf 84' lang='lat' dir='ltr'><strong>Lyce:</strong></span> <span class='ocrx_word' id='word_1_44' title='bbox 699 2118 741 2182; x_wconf 92' lang='lat' dir='ltr'><strong>fis</strong></span> <span class='ocrx_word' id='word_1_45' title='bbox 755 2138 849 2199; x_wconf 82' lang='lat' dir='ltr'><strong>anus,</strong></span> <span class='ocrx_word' id='word_1_46' title='bbox 865 2127 1022 2183; x_wconf 85' lang='lat' dir='ltr'><strong>ettamen</strong></span> 
     </span>
    </p>
   </div>
   <div class='ocr_carea' id='block_1_9' title="bbox 424 2217 976 2401">
    <p class='ocr_par' dir='ltr' id='par_1_9' title="bbox 424 2217 976 2401">
     <span class='ocr_line' id='line_1_12' title="bbox 424 2217 759 2300; baseline -0.003 -16"><span class='ocrx_word' id='word_1_47' title='bbox 424 2220 482 2284; x_wconf 82' lang='lat' dir='ltr'><strong>Vis</strong></span> <span class='ocrx_word' id='word_1_48' title='bbox 496 2218 635 2282; x_wconf 76' lang='lat' dir='ltr'><strong>formosa</strong></span> <span class='ocrx_word' id='word_1_49' title='bbox 648 2217 759 2300; x_wconf 84' lang='lat' dir='ltr'><strong>videri,</strong></span> 
     </span>
     <span class='ocr_line' id='line_1_13' title="bbox 466 2316 976 2401; baseline -0.004 -18"><span class='ocrx_word' id='word_1_50' title='bbox 466 2317 635 2400; x_wconf 87' lang='lat' dir='ltr'><strong>Ludisque</strong></span> <span class='ocrx_word' id='word_1_51' title='bbox 649 2328 682 2382; x_wconf 90' lang='lat' dir='ltr'><strong>et</strong></span> <span class='ocrx_word' id='word_1_52' title='bbox 694 2318 779 2383; x_wconf 86' lang='lat' dir='ltr'><strong>bibis</strong></span> <span class='ocrx_word' id='word_1_53' title='bbox 793 2316 976 2401; x_wconf 86' lang='lat' dir='ltr'><strong>impudens,</strong></span> 
     </span>
    </p>
   </div>
   <div class='ocr_carea' id='block_1_10' title="bbox 383 2515 998 2683">
    <p class='ocr_par' dir='ltr' id='par_1_10' title="bbox 383 2515 998 2683">
     <span class='ocr_line' id='line_1_14' title="bbox 387 2515 994 2600; baseline -0.003 -19"><span class='ocrx_word' id='word_1_54' title='bbox 387 2516 429 2581; x_wconf 79' lang='lat' dir='ltr'><strong>Et</strong></span> <span class='ocrx_word' id='word_1_55' title='bbox 441 2526 542 2581; x_wconf 80' lang='lat' dir='ltr'><strong>cantu</strong></span> <span class='ocrx_word' id='word_1_56' title='bbox 555 2517 693 2582; x_wconf 88' lang='lat' dir='ltr'><strong>tremulo</strong></span> <span class='ocrx_word' id='word_1_57' title='bbox 707 2526 784 2600; x_wconf 83' lang='lat' dir='ltr'><strong>pota</strong></span> <span class='ocrx_word' id='word_1_58' title='bbox 798 2515 994 2599; x_wconf 81' lang='lat' dir='ltr'><strong>Cupidinem</strong></span> 
     </span>
     <span class='ocr_line' id='line_1_15' title="bbox 383 2615 998 2683; baseline -0.005 -1"><span class='ocrx_word' id='word_1_59' title='bbox 383 2617 525 2683; x_wconf 87' lang='lat' dir='ltr'><strong>Lentum</strong></span> <span class='ocrx_word' id='word_1_60' title='bbox 539 2616 701 2681; x_wconf 80' lang='lat' dir='ltr'><strong>sollicitas.</strong></span> <span class='ocrx_word' id='word_1_61' title='bbox 745 2615 805 2681; x_wconf 87' lang='lat' dir='ltr'><strong>Ille</strong></span> <span class='ocrx_word' id='word_1_62' title='bbox 819 2616 951 2681; x_wconf 73' lang='lat' dir='ltr'><strong>uiuentis</strong></span> <span class='ocrx_word' id='word_1_63' title='bbox 964 2624 998 2679; x_wconf 86' lang='lat' dir='ltr'><strong>et</strong></span> 
     </span>
    </p>
   </div>
   <div class='ocr_carea' id='block_1_11' title="bbox 425 2717 934 2900">
    <p class='ocr_par' dir='ltr' id='par_1_11' title="bbox 425 2717 934 2900">
     <span class='ocr_line' id='line_1_16' title="bbox 425 2717 816 2801; baseline 0.003 -20"><span class='ocrx_word' id='word_1_64' title='bbox 425 2717 549 2781; x_wconf 77' lang='lat' dir='ltr'><strong>Doctae</strong></span> <span class='ocrx_word' id='word_1_65' title='bbox 562 2717 698 2801; x_wconf 80' lang='lat' dir='ltr'><strong>psallere</strong></span> <span class='ocrx_word' id='word_1_66' title='bbox 713 2717 816 2782; x_wconf 77' lang='lat' dir='ltr'><strong>(thiae</strong></span> 
     </span>
     <span class='ocr_line' id='line_1_17' title="bbox 467 2815 934 2900; baseline -0.006 -19"><span class='ocrx_word' id='word_1_67' title='bbox 467 2815 616 2881; x_wconf 86' lang='lat' dir='ltr'><strong>Pulchris</strong></span> <span class='ocrx_word' id='word_1_68' title='bbox 630 2817 771 2882; x_wconf 81' lang='lat' dir='ltr'><strong>excubat</strong></span> <span class='ocrx_word' id='word_1_69' title='bbox 785 2816 820 2880; x_wconf 91' lang='lat' dir='ltr'><strong>in</strong></span> <span class='ocrx_word' id='word_1_70' title='bbox 834 2816 934 2900; x_wconf 79' lang='lat' dir='ltr'><strong>genis.</strong></span> 
     </span>
    </p>
   </div>
   <div class='ocr_carea' id='block_1_12' title="bbox 381 3013 1251 3396">
    <p class='ocr_par' dir='ltr' id='par_1_12' title="bbox 381 3013 1251 3396">
     <span class='ocr_line' id='line_1_18' title="bbox 382 3013 1007 3097; baseline -0.005 -17"><span class='ocrx_word' id='word_1_71' title='bbox 382 3015 590 3097; x_wconf 88' lang='lat' dir='ltr'><strong>Importunus</strong></span> <span class='ocrx_word' id='word_1_72' title='bbox 604 3016 692 3080; x_wconf 86' lang='lat' dir='ltr'><strong>enim</strong></span> <span class='ocrx_word' id='word_1_73' title='bbox 706 3014 886 3079; x_wconf 80' lang='lat' dir='ltr'><strong>transvolat</strong></span> <span class='ocrx_word' id='word_1_74' title='bbox 899 3013 1007 3078; x_wconf 77' lang='lat' dir='ltr'><strong>arides</strong></span> 
     </span>
     <span class='ocr_line' id='line_1_19' title="bbox 381 3111 1251 3196; baseline -0.002 -18"><span class='ocrx_word' id='word_1_75' title='bbox 381 3115 543 3195; x_wconf 77' lang='lat' dir='ltr'><strong>Quercus,</strong></span> <span class='ocrx_word' id='word_1_76' title='bbox 558 3123 591 3177; x_wconf 88' lang='lat' dir='ltr'><strong>et</strong></span> <span class='ocrx_word' id='word_1_77' title='bbox 603 3113 722 3195; x_wconf 79' lang='lat' dir='ltr'><strong>refugit</strong></span> <span class='ocrx_word' id='word_1_78' title='bbox 736 3124 776 3194; x_wconf 83' lang='lat' dir='ltr'><strong>te,</strong></span> <span class='ocrx_word' id='word_1_79' title='bbox 791 3114 870 3196; x_wconf 86' lang='lat' dir='ltr'><strong>quia</strong></span> <span class='ocrx_word' id='word_1_80' title='bbox 884 3111 980 3177; x_wconf 87' lang='lat' dir='ltr'><strong>luridi</strong></span> <span class='ocrx_word' id='word_1_81' title='bbox 1209 3111 1251 3176; x_wconf 86' lang='lat'><strong>10</strong></span> 
     </span>
     <span class='ocr_line' id='line_1_20' title="bbox 424 3212 807 3295; baseline -0.008 -16"><span class='ocrx_word' id='word_1_82' title='bbox 424 3214 548 3279; x_wconf 87' lang='lat' dir='ltr'><strong>Dentes</strong></span> <span class='ocrx_word' id='word_1_83' title='bbox 562 3223 601 3293; x_wconf 86' lang='lat' dir='ltr'><strong>te,</strong></span> <span class='ocrx_word' id='word_1_84' title='bbox 615 3212 695 3295; x_wconf 79' lang='lat' dir='ltr'><strong>quia</strong></span> <span class='ocrx_word' id='word_1_85' title='bbox 707 3231 807 3294; x_wconf 79' lang='lat' dir='ltr'><strong>rugae</strong></span> 
     </span>
     <span class='ocr_line' id='line_1_21' title="bbox 466 3310 906 3396; baseline -0.007 -19"><span class='ocrx_word' id='word_1_86' title='bbox 466 3314 618 3396; x_wconf 82' lang='lat' dir='ltr'><strong>Turpant</strong></span> <span class='ocrx_word' id='word_1_87' title='bbox 631 3322 664 3376; x_wconf 91' lang='lat' dir='ltr'><strong>et</strong></span> <span class='ocrx_word' id='word_1_88' title='bbox 676 3311 791 3394; x_wconf 80' lang='lat' dir='ltr'><strong>capitis</strong></span> <span class='ocrx_word' id='word_1_89' title='bbox 804 3310 906 3375; x_wconf 85' lang='lat' dir='ltr'><strong>nives.</strong></span> 
     </span>
    </p>
   </div>
   <div class='ocr_carea' id='block_1_13' title="bbox 382 3509 1064 3695">
    <p class='ocr_par' dir='ltr' id='par_1_13' title="bbox 382 3509 1064 3695">
     <span class='ocr_line' id='line_1_22' title="bbox 382 3509 1035 3594; baseline -0.005 -18"><span class='ocrx_word' id='word_1_90' title='bbox 382 3510 452 3576; x_wconf 88' lang='lat' dir='ltr'><strong>Nec</strong></span> <span class='ocrx_word' id='word_1_91' title='bbox 467 3511 554 3575; x_wconf 79' lang='lat' dir='ltr'><strong>Coae</strong></span> <span class='ocrx_word' id='word_1_92' title='bbox 567 3511 709 3576; x_wconf 82' lang='lat' dir='ltr'><strong>referunt</strong></span> <span class='ocrx_word' id='word_1_93' title='bbox 718 3512 788 3594; x_wconf 83' lang='lat' dir='ltr'><strong>jam</strong></span> <span class='ocrx_word' id='word_1_94' title='bbox 801 3509 859 3575; x_wconf 90' lang='lat' dir='ltr'><strong>tibi</strong></span> <span class='ocrx_word' id='word_1_95' title='bbox 873 3527 1035 3593; x_wconf 78' lang='lat' dir='ltr'><strong>purpurae</strong></span> 
     </span>
     <span class='ocr_line' id='line_1_23' title="bbox 382 3605 1064 3695; baseline -0.001 -21"><span class='ocrx_word' id='word_1_96' title='bbox 382 3608 453 3675; x_wconf 89' lang='lat' dir='ltr'><strong>Nec</strong></span> <span class='ocrx_word' id='word_1_97' title='bbox 467 3609 546 3674; x_wconf 78' lang='lat' dir='ltr'><strong>cleri</strong></span> <span class='ocrx_word' id='word_1_98' title='bbox 560 3610 685 3694; x_wconf 78' lang='lat' dir='ltr'><strong>lapides</strong></span> <span class='ocrx_word' id='word_1_99' title='bbox 699 3620 851 3695; x_wconf 77' lang='lat' dir='ltr'><strong>tempora,</strong></span> <span class='ocrx_word' id='word_1_100' title='bbox 865 3629 950 3694; x_wconf 83' lang='lat' dir='ltr'><strong>quse</strong></span> <span class='ocrx_word' id='word_1_101' title='bbox 965 3605 1064 3674; x_wconf 80' lang='lat' dir='ltr'><strong>semei</strong></span> 
     </span>
    </p>
   </div>
   <div class='ocr_carea' id='block_1_14' title="bbox 634 3807 853 3863">
    <p class='ocr_par' dir='ltr' id='par_1_14' title="bbox 634 3807 853 3863">
     <span class='ocr_line' id='line_1_24' title="bbox 634 3807 853 3863; baseline 0.023 -5"><span class='ocrx_word' id='word_1_102' title='bbox 634 3807 664 3859; x_wconf 82' lang='lat' dir='ltr'><strong>G.</strong></span> <span class='ocrx_word' id='word_1_103' title='bbox 675 3811 726 3861; x_wconf 77' lang='lat' dir='ltr'><strong>xiii.</strong></span> <span class='ocrx_word' id='word_1_104' title='bbox 739 3813 778 3863; x_wconf 80' lang='lat'><strong>14.</strong></span> <span class='ocrx_word' id='word_1_105' title='bbox 795 3813 853 3863; x_wconf 69' lang='lat' dir='ltr'><strong>uri·</strong></span> 
     </span>
    </p>
   </div>
   <div class='ocr_carea' id='block_1_15' title="bbox 0 0 1426 4342">
    <p class='ocr_par' dir='ltr' id='par_1_15' title="bbox 0 0 1426 4342">
     <span class='ocr_line' id='line_1_25' title="bbox 0 0 1426 4342; baseline 0 0"><span class='ocrx_word' id='word_1_106' title='bbox 0 0 1426 4342; x_wconf 95' lang='lat' dir='ltr'><strong> </strong></span> 
     </span>
    </p>
   </div>
  </div>
 </body>
</html>
